
    <record>
      <recordSchema>marcxml</recordSchema>
      <recordPacking>xml</recordPacking>
      <recordData>
        <record xmlns="">
          <leader>00758cam a2200217 c 4500</leader>
          <controlfield tag="001">991303924214702201</controlfield>
          <controlfield tag="005">20130322144339.0</controlfield>
          <controlfield tag="007">ta</controlfield>
          <controlfield tag="008">130322s2012    xx#|||||||||||000|u|eng|d</controlfield>
          <datafield ind1=" " ind2=" " tag="020">
            <subfield code="a">9781908150929</subfield>
            <subfield code="q">h.</subfield>
          </datafield>
          <datafield ind1=" " ind2=" " tag="035">
            <subfield code="a">130392421-47bibsys_network</subfield>
          </datafield>
          <datafield ind1=" " ind2=" " tag="035">
            <subfield code="a">(NO-TrBIB)130392421</subfield>
          </datafield>
          <datafield ind1=" " ind2=" " tag="040">
            <subfield code="a">NO-TrBIB</subfield>
            <subfield code="b">nob</subfield>
            <subfield code="e">katreg</subfield>
          </datafield>
          <datafield ind1="1" ind2=" " tag="100">
            <subfield code="a">Crossley, Kevin</subfield>
            <subfield code="0">(NO-TrBIB)13018141</subfield>
          </datafield>
          <datafield ind1="1" ind2="0" tag="245">
            <subfield code="a">101 top tips from professional fantasy painters</subfield>
            <subfield code="c">Kevin Crossley</subfield>
          </datafield>
          <datafield ind1=" " ind2=" " tag="260">
            <subfield code="a">Lewes</subfield>
            <subfield code="b">Ilex</subfield>
            <subfield code="c">cop. 2012</subfield>
          </datafield>
          <datafield ind1=" " ind2=" " tag="300">
            <subfield code="a">176 s.</subfield>
            <subfield code="b">ill.</subfield>
          </datafield>
          <datafield ind1=" " ind2=" " tag="653">
            <subfield code="a">grafikk</subfield>
            <subfield code="a">kunst</subfield>
            <subfield code="a">tegninger</subfield>
            <subfield code="a">teknikker</subfield>
            <subfield code="a">fantasy</subfield>
            <subfield code="a">tegneteknikker</subfield>
            <subfield code="a">maling</subfield>
            <subfield code="a">cg</subfield>
            <subfield code="a">monster</subfield>
            <subfield code="a">monstre</subfield>
            <subfield code="a">digital</subfield>
          </datafield>
          <datafield ind1="0" ind2=" " tag="740">
            <subfield code="a">One hundred and one tips from professional fantasy painters</subfield>
          </datafield>
          <datafield ind1="0" ind2=" " tag="740">
            <subfield code="a">Hundred and one tips from professional fantasy painters</subfield>
          </datafield>
          <datafield ind1="0" ind2="1" tag="852">
            <subfield code="a">47BIBSYS_HH</subfield>
            <subfield code="6">991303924214702214</subfield>
            <subfield code="9">P</subfield>
          </datafield>
          <datafield ind1=" " ind2=" " tag="901">
            <subfield code="a">80</subfield>
          </datafield>
        </record>
      </recordData>
      <recordPosition>3</recordPosition>
    </record>