
    <record>
      <recordSchema>marcxml</recordSchema>
      <recordPacking>xml</recordPacking>
      <recordData>
        <record xmlns="">
          <leader>00800cam a2200265 c 4500</leader>
          <controlfield tag="001">991325812134702201</controlfield>
          <controlfield tag="005">20131213171002.0</controlfield>
          <controlfield tag="007">ta</controlfield>
          <controlfield tag="008">131213s2013    xx#|||||||||||000|u|eng|</controlfield>
          <datafield ind1=" " ind2=" " tag="020">
            <subfield code="a">9781596688551</subfield>
            <subfield code="q">h.</subfield>
          </datafield>
          <datafield ind1=" " ind2=" " tag="035">
            <subfield code="a">132581213-47bibsys_network</subfield>
          </datafield>
          <datafield ind1=" " ind2=" " tag="035">
            <subfield code="a">(NO-TrBIB)132581213</subfield>
          </datafield>
          <datafield ind1=" " ind2=" " tag="040">
            <subfield code="a">NO-OsNB</subfield>
            <subfield code="b">nob</subfield>
            <subfield code="e">katreg</subfield>
          </datafield>
          <datafield ind1=" " ind2=" " tag="080">
            <subfield code="a">746.4</subfield>
          </datafield>
          <datafield ind1="7" ind2="4" tag="082">
            <subfield code="a">746.432</subfield>
            <subfield code="q">NO-OsNB</subfield>
            <subfield code="2">5/nor</subfield>
          </datafield>
          <datafield ind1="1" ind2=" " tag="100">
            <subfield code="a">Mucklestone, Mary Jane</subfield>
            <subfield code="0">(NO-TrBIB)13020678</subfield>
          </datafield>
          <datafield ind1="1" ind2="0" tag="245">
            <subfield code="a">150 Scandinavian motifs :</subfield>
            <subfield code="b">the knitter's directory</subfield>
            <subfield code="c">Mary Jane Mucklestone</subfield>
          </datafield>
          <datafield ind1=" " ind2=" " tag="260">
            <subfield code="a">Loveland, Colo.</subfield>
            <subfield code="b">Interweave Press</subfield>
            <subfield code="c">cop. 2013</subfield>
          </datafield>
          <datafield ind1=" " ind2=" " tag="300">
            <subfield code="a">159 s.</subfield>
            <subfield code="b">ill.</subfield>
          </datafield>
          <datafield ind1=" " ind2="7" tag="650">
            <subfield code="a">Strikking</subfield>
            <subfield code="2">humord</subfield>
          </datafield>
          <datafield ind1=" " ind2="7" tag="650">
            <subfield code="a">Mønstre</subfield>
            <subfield code="2">humord</subfield>
          </datafield>
          <datafield ind1=" " ind2="7" tag="650">
            <subfield code="a">Motiver (Håndarbeid)</subfield>
            <subfield code="2">humord</subfield>
          </datafield>
          <datafield ind1=" " ind2="7" tag="651">
            <subfield code="a">Skandinavia</subfield>
            <subfield code="2">norbok</subfield>
          </datafield>
          <datafield ind1="0" ind2=" " tag="740">
            <subfield code="a">One hundred and fifty Scandinavian motifs</subfield>
          </datafield>
          <datafield ind1="0" ind2="1" tag="852">
            <subfield code="a">47BIBSYS_UBTO</subfield>
            <subfield code="6">991325812134702205</subfield>
            <subfield code="9">P</subfield>
          </datafield>
          <datafield ind1="0" ind2="1" tag="852">
            <subfield code="a">47BIBSYS_NB</subfield>
            <subfield code="6">991325812134702202</subfield>
            <subfield code="9">P</subfield>
          </datafield>
          <datafield ind1=" " ind2=" " tag="901">
            <subfield code="a">80</subfield>
          </datafield>
        </record>
      </recordData>
      <recordPosition>4</recordPosition>
    </record>