
    <record>
      <recordSchema>marcxml</recordSchema>
      <recordPacking>xml</recordPacking>
      <recordData>
        <record xmlns="">
          <leader>00883cam a2200229 c 4500</leader>
          <controlfield tag="001">991003907494702201</controlfield>
          <controlfield tag="005">20131205183843.0</controlfield>
          <controlfield tag="007">ta</controlfield>
          <controlfield tag="008">131205s2010    xx#|||||||||||000|u|eng|d</controlfield>
          <datafield ind1=" " ind2=" " tag="020">
            <subfield code="a">1906388423</subfield>
            <subfield code="q">h.</subfield>
          </datafield>
          <datafield ind1=" " ind2=" " tag="035">
            <subfield code="a">100390749-47bibsys_network</subfield>
          </datafield>
          <datafield ind1=" " ind2=" " tag="035">
            <subfield code="a">(NO-TrBIB)100390749</subfield>
          </datafield>
          <datafield ind1=" " ind2=" " tag="040">
            <subfield code="a">NO-TrBIB</subfield>
            <subfield code="b">nob</subfield>
            <subfield code="e">katreg</subfield>
          </datafield>
          <datafield ind1="1" ind2=" " tag="100">
            <subfield code="a">Fogg, Marnie</subfield>
            <subfield code="0">(NO-TrBIB)4011183</subfield>
          </datafield>
          <datafield ind1="1" ind2="0" tag="245">
            <subfield code="a">1950s fashion print</subfield>
            <subfield code="c">Marnie Fogg</subfield>
          </datafield>
          <datafield ind1=" " ind2=" " tag="260">
            <subfield code="a">London</subfield>
            <subfield code="b">Batsford</subfield>
            <subfield code="c">2010</subfield>
          </datafield>
          <datafield ind1=" " ind2=" " tag="300">
            <subfield code="a">192 s.</subfield>
            <subfield code="b">ill.</subfield>
          </datafield>
          <datafield ind1=" " ind2=" " tag="653">
            <subfield code="a">mønstre</subfield>
            <subfield code="a">tesktiltrykk</subfield>
            <subfield code="a">tesktiler</subfield>
            <subfield code="a">1950-1959</subfield>
            <subfield code="a">1950-tallet</subfield>
          </datafield>
          <datafield ind1="4" ind2="2" tag="856">
            <subfield code="3">Beskrivelse fra forlaget (kort)</subfield>
            <subfield code="u">http://content.bibsys.no/content/?type=descr_publ_brief&amp;isbn=1906388423</subfield>
          </datafield>
          <datafield ind1="4" ind2="2" tag="856">
            <subfield code="3">Beskrivelse fra forlaget (lang)</subfield>
            <subfield code="u">http://content.bibsys.no/content/?type=descr_publ_full&amp;isbn=1906388423</subfield>
          </datafield>
          <datafield ind1="4" ind2="2" tag="856">
            <subfield code="3">Omslagsbilde</subfield>
            <subfield code="u">http://innhold.bibsys.no/bilde/forside/?size=mini&amp;id=9781906388423.jpg</subfield>
            <subfield code="q">image/jpeg</subfield>
          </datafield>
          <datafield ind1="0" ind2="1" tag="852">
            <subfield code="a">47BIBSYS_UBA</subfield>
            <subfield code="6">991003907494702209</subfield>
            <subfield code="9">P</subfield>
          </datafield>
          <datafield ind1="0" ind2="1" tag="852">
            <subfield code="a">47BIBSYS_HIOA</subfield>
            <subfield code="6">991003907494702212</subfield>
            <subfield code="9">P</subfield>
          </datafield>
          <datafield ind1="0" ind2="1" tag="852">
            <subfield code="a">47BIBSYS_KHIO</subfield>
            <subfield code="6">991003907494702243</subfield>
            <subfield code="9">P</subfield>
          </datafield>
          <datafield ind1=" " ind2=" " tag="901">
            <subfield code="a">80</subfield>
          </datafield>
        </record>
      </recordData>
      <recordPosition>5</recordPosition>
    </record>