
    <record>
      <recordSchema>marcxml</recordSchema>
      <recordPacking>xml</recordPacking>
      <recordData>
        <record xmlns="">
          <leader>00610cam a2200205 c 4500</leader>
          <controlfield tag="001">991309370374702201</controlfield>
          <controlfield tag="005">20130405133856.0</controlfield>
          <controlfield tag="007">ta</controlfield>
          <controlfield tag="008">130405s2012    xx#|||||||||||000|u|swe|d</controlfield>
          <datafield ind1=" " ind2=" " tag="020">
            <subfield code="a">9789197972215</subfield>
            <subfield code="q">h.</subfield>
          </datafield>
          <datafield ind1=" " ind2=" " tag="035">
            <subfield code="a">130937037-47bibsys_network</subfield>
          </datafield>
          <datafield ind1=" " ind2=" " tag="035">
            <subfield code="a">(NO-TrBIB)130937037</subfield>
          </datafield>
          <datafield ind1=" " ind2=" " tag="040">
            <subfield code="a">NO-TrBIB</subfield>
            <subfield code="b">nob</subfield>
            <subfield code="e">katreg</subfield>
          </datafield>
          <datafield ind1="7" ind2="4" tag="082">
            <subfield code="a">746.44</subfield>
            <subfield code="2">5/nor</subfield>
          </datafield>
          <datafield ind1="1" ind2=" " tag="100">
            <subfield code="a">Johanson, Britta</subfield>
            <subfield code="0">(NO-TrBIB)4049088</subfield>
          </datafield>
          <datafield ind1="1" ind2="0" tag="245">
            <subfield code="a">268 Byggnader</subfield>
            <subfield code="c">Britta Johanson</subfield>
          </datafield>
          <datafield ind1=" " ind2=" " tag="260">
            <subfield code="a">Linköping</subfield>
            <subfield code="b">Korsstygnsbolaget</subfield>
            <subfield code="c">cop. 2012</subfield>
          </datafield>
          <datafield ind1=" " ind2=" " tag="300">
            <subfield code="a">129 s.</subfield>
            <subfield code="b">ill.</subfield>
          </datafield>
          <datafield ind1=" " ind2=" " tag="653">
            <subfield code="a">korssting</subfield>
            <subfield code="a">broderier</subfield>
            <subfield code="a">mønstre</subfield>
            <subfield code="a">broderimønstre</subfield>
            <subfield code="a">tekstilkunst</subfield>
            <subfield code="a">bygninger</subfield>
            <subfield code="a">hus</subfield>
            <subfield code="a">kirker</subfield>
          </datafield>
          <datafield ind1="0" ind2="1" tag="852">
            <subfield code="a">47BIBSYS_HIT</subfield>
            <subfield code="6">991309370374702210</subfield>
            <subfield code="9">P</subfield>
          </datafield>
          <datafield ind1=" " ind2=" " tag="901">
            <subfield code="a">80</subfield>
          </datafield>
        </record>
      </recordData>
      <recordPosition>9</recordPosition>
    </record>