
    <record>
      <recordSchema>marcxml</recordSchema>
      <recordPacking>xml</recordPacking>
      <recordData>
        <record xmlns="">
          <leader>01657cam a2200433 c 4500</leader>
          <controlfield tag="001">991427408294702201</controlfield>
          <controlfield tag="005">20150929114906.0</controlfield>
          <controlfield tag="007">ta</controlfield>
          <controlfield tag="008">150929s2014    xx#|||||||||||000|u|nob|</controlfield>
          <datafield ind1=" " ind2=" " tag="015">
            <subfield code="a">1432886</subfield>
            <subfield code="2">nbf</subfield>
          </datafield>
          <datafield ind1=" " ind2=" " tag="020">
            <subfield code="a">9788202447540</subfield>
            <subfield code="q">ib.</subfield>
            <subfield code="c">Nkr 349.00</subfield>
          </datafield>
          <datafield ind1=" " ind2=" " tag="035">
            <subfield code="a">142740829-47bibsys_network</subfield>
          </datafield>
          <datafield ind1=" " ind2=" " tag="035">
            <subfield code="a">(NO-TrBIB)142740829</subfield>
          </datafield>
          <datafield ind1=" " ind2=" " tag="035">
            <subfield code="a">(NO-OsBA)0398369</subfield>
          </datafield>
          <datafield ind1=" " ind2=" " tag="040">
            <subfield code="a">NO-OsNB</subfield>
            <subfield code="b">nob</subfield>
            <subfield code="e">katreg</subfield>
          </datafield>
          <datafield ind1=" " ind2=" " tag="042">
            <subfield code="a">norbibl</subfield>
          </datafield>
          <datafield ind1=" " ind2=" " tag="044">
            <subfield code="c">no</subfield>
          </datafield>
          <datafield ind1="0" ind2="4" tag="082">
            <subfield code="a">746.432</subfield>
            <subfield code="2">23</subfield>
          </datafield>
          <datafield ind1="7" ind2="4" tag="082">
            <subfield code="a">746.4320432</subfield>
            <subfield code="q">NO-OsNB</subfield>
            <subfield code="2">5/nor</subfield>
          </datafield>
          <datafield ind1=" " ind2=" " tag="084">
            <subfield code="a">11c5</subfield>
            <subfield code="2">loovs</subfield>
          </datafield>
          <datafield ind1="1" ind2=" " tag="100">
            <subfield code="a">Nerjordet, Arne</subfield>
            <subfield code="d">1963-</subfield>
            <subfield code="0">(NO-TrBIB)7079709</subfield>
          </datafield>
          <datafield ind1="1" ind2="0" tag="245">
            <subfield code="a">30 tøfler :</subfield>
            <subfield code="b">ett grunnmønster</subfield>
            <subfield code="c">Arne &amp; Carlos ; [foto: Ragnar Hartvig]</subfield>
          </datafield>
          <datafield ind1=" " ind2=" " tag="260">
            <subfield code="a">[Oslo]</subfield>
            <subfield code="b">Cappelen Damm</subfield>
            <subfield code="c">2014</subfield>
          </datafield>
          <datafield ind1=" " ind2=" " tag="300">
            <subfield code="a">137 s.</subfield>
            <subfield code="b">ill.</subfield>
            <subfield code="c">28 cm</subfield>
          </datafield>
          <datafield ind1=" " ind2=" " tag="653">
            <subfield code="a">strikking</subfield>
            <subfield code="a">tøfler</subfield>
            <subfield code="a">mønstre</subfield>
          </datafield>
          <datafield ind1="1" ind2=" " tag="700">
            <subfield code="a">Zachrison, Carlos,</subfield>
            <subfield code="d">1970-</subfield>
            <subfield code="0">(NO-TrBIB)7079708</subfield>
          </datafield>
          <datafield ind1="1" ind2=" " tag="700">
            <subfield code="a">Hartvig, Ragnar,</subfield>
            <subfield code="d">1971-</subfield>
            <subfield code="4">pht</subfield>
            <subfield code="0">(NO-TrBIB)99028894</subfield>
          </datafield>
          <datafield ind1="2" ind2=" " tag="710">
            <subfield code="a">Arne &amp; Carlos (designergruppe)</subfield>
            <subfield code="0">(NO-TrBIB)12004909</subfield>
          </datafield>
          <datafield ind1="0" ind2=" " tag="740">
            <subfield code="a">Tretti tøfler</subfield>
          </datafield>
          <datafield ind1="0" ind2=" " tag="740">
            <subfield code="a">Tredve tøfler</subfield>
          </datafield>
          <datafield ind1="0" ind2=" " tag="767">
            <subfield code="t">Breien op hun sloffen : 30 sloffen één basispatroon</subfield>
            <subfield code="w">991435095784702201</subfield>
          </datafield>
          <datafield ind1="0" ind2=" " tag="767">
            <subfield code="t">30 tøfler : ét grundmønster</subfield>
            <subfield code="w">991435107704702201</subfield>
          </datafield>
          <datafield ind1="0" ind2=" " tag="767">
            <subfield code="t">30 slippers to knit and felt : fabulous projects you can make, wear, and share</subfield>
            <subfield code="w">991516882064702201</subfield>
          </datafield>
          <datafield ind1="0" ind2=" " tag="767">
            <subfield code="t">Strikketøfler</subfield>
            <subfield code="w">991516904994702201</subfield>
          </datafield>
          <datafield ind1="4" ind2="2" tag="856">
            <subfield code="3">Beskrivelse fra forlaget (kort)</subfield>
            <subfield code="u">http://content.bibsys.no/content/?type=descr_publ_brief&amp;isbn=9788202447540</subfield>
          </datafield>
          <datafield ind1="4" ind2="2" tag="856">
            <subfield code="3">Omslagsbilde</subfield>
            <subfield code="u">http://innhold.bibsys.no/bilde/forside/?size=mini&amp;id=7/2/LITEN_150162772.jpg</subfield>
            <subfield code="q">image/jpeg</subfield>
          </datafield>
          <datafield ind1="0" ind2="1" tag="852">
            <subfield code="a">47BIBSYS_UBA</subfield>
            <subfield code="6">991427408294702209</subfield>
            <subfield code="9">P</subfield>
          </datafield>
          <datafield ind1="0" ind2="1" tag="852">
            <subfield code="a">47BIBSYS_UBB</subfield>
            <subfield code="6">991427408294702207</subfield>
            <subfield code="9">P</subfield>
          </datafield>
          <datafield ind1="0" ind2="1" tag="852">
            <subfield code="a">47BIBSYS_HIT</subfield>
            <subfield code="6">991427408294702210</subfield>
            <subfield code="9">P</subfield>
          </datafield>
          <datafield ind1="0" ind2="1" tag="852">
            <subfield code="a">47BIBSYS_SAMBIB</subfield>
            <subfield code="6">991427408294702278</subfield>
            <subfield code="9">P</subfield>
          </datafield>
          <datafield ind1="0" ind2="1" tag="852">
            <subfield code="a">47BIBSYS_UBTO</subfield>
            <subfield code="6">991427408294702205</subfield>
            <subfield code="9">P</subfield>
          </datafield>
          <datafield ind1="0" ind2="1" tag="852">
            <subfield code="a">47BIBSYS_HBV</subfield>
            <subfield code="6">991427408294702217</subfield>
            <subfield code="9">P</subfield>
          </datafield>
          <datafield ind1="0" ind2="1" tag="852">
            <subfield code="a">47BIBSYS_NB</subfield>
            <subfield code="6">991427408294702202</subfield>
            <subfield code="9">P</subfield>
          </datafield>
          <datafield ind1="0" ind2="1" tag="852">
            <subfield code="a">47BIBSYS_HIO</subfield>
            <subfield code="6">991427408294702218</subfield>
            <subfield code="9">P</subfield>
          </datafield>
          <datafield ind1="0" ind2="1" tag="852">
            <subfield code="a">47BIBSYS_HINT</subfield>
            <subfield code="6">991427408294702219</subfield>
            <subfield code="9">P</subfield>
          </datafield>
          <datafield ind1=" " ind2=" " tag="901">
            <subfield code="a">90</subfield>
          </datafield>
          <datafield ind1=" " ind2=" " tag="913">
            <subfield code="a">Norbok</subfield>
            <subfield code="b">NB</subfield>
          </datafield>
          <datafield ind1=" " ind2=" " tag="913">
            <subfield code="a">NORLA</subfield>
            <subfield code="b">NB</subfield>
          </datafield>
        </record>
      </recordData>
      <recordPosition>10</recordPosition>
    </record>