
    <record>
      <recordSchema>marcxml</recordSchema>
      <recordPacking>xml</recordPacking>
      <recordData>
        <record xmlns="">
          <leader>01057cam a2200229 c 4500</leader>
          <controlfield tag="001">991214931994702201</controlfield>
          <controlfield tag="005">20120828131606.0</controlfield>
          <controlfield tag="007">ta</controlfield>
          <controlfield tag="008">120828s2011    xx#|||||||||||000|u|eng|d</controlfield>
          <datafield ind1=" " ind2=" " tag="020">
            <subfield code="a">9781933492841</subfield>
            <subfield code="q">h.</subfield>
          </datafield>
          <datafield ind1=" " ind2=" " tag="035">
            <subfield code="a">121493199-47bibsys_network</subfield>
          </datafield>
          <datafield ind1=" " ind2=" " tag="035">
            <subfield code="a">(NO-TrBIB)121493199</subfield>
          </datafield>
          <datafield ind1=" " ind2=" " tag="040">
            <subfield code="a">NO-TrBIB</subfield>
            <subfield code="b">nob</subfield>
            <subfield code="e">katreg</subfield>
          </datafield>
          <datafield ind1="1" ind2=" " tag="100">
            <subfield code="a">Zamprioli, Luca</subfield>
            <subfield code="0">(NO-TrBIB)12047058</subfield>
          </datafield>
          <datafield ind1="1" ind2="0" tag="245">
            <subfield code="a">Abakan 2288 :</subfield>
            <subfield code="b">Kallamity's world of mecha design. Part 1</subfield>
            <subfield code="c">[Luca Zamprioli</subfield>
          </datafield>
          <datafield ind1=" " ind2=" " tag="260">
            <subfield code="a">Culver City, Calif.</subfield>
            <subfield code="b">Design Studio Press</subfield>
            <subfield code="c">cop. 2011</subfield>
          </datafield>
          <datafield ind1=" " ind2=" " tag="300">
            <subfield code="a">173 s.</subfield>
            <subfield code="b">ill.</subfield>
          </datafield>
          <datafield ind1=" " ind2=" " tag="653">
            <subfield code="a">grafikk</subfield>
            <subfield code="a">kunst</subfield>
            <subfield code="a">tegninger</subfield>
            <subfield code="a">teknikker</subfield>
            <subfield code="a">fantasy</subfield>
            <subfield code="a">tegneteknikker</subfield>
            <subfield code="a">maling</subfield>
            <subfield code="a">cg</subfield>
            <subfield code="a">konseptkunst</subfield>
            <subfield code="a">digital</subfield>
            <subfield code="a">spill</subfield>
            <subfield code="a">folklore</subfield>
            <subfield code="a">monstre</subfield>
            <subfield code="a">sci-fi</subfield>
            <subfield code="a">byer</subfield>
            <subfield code="a">science</subfield>
            <subfield code="a">fiction</subfield>
          </datafield>
          <datafield ind1="4" ind2="2" tag="856">
            <subfield code="3">Beskrivelse fra forlaget (kort)</subfield>
            <subfield code="u">http://content.bibsys.no/content/?type=descr_publ_brief&amp;isbn=1781160988</subfield>
          </datafield>
          <datafield ind1="4" ind2="2" tag="856">
            <subfield code="3">Beskrivelse fra forlaget (lang)</subfield>
            <subfield code="u">http://content.bibsys.no/content/?type=descr_publ_full&amp;isbn=1781160988</subfield>
          </datafield>
          <datafield ind1="4" ind2="2" tag="856">
            <subfield code="3">Omslagsbilde</subfield>
            <subfield code="u">http://innhold.bibsys.no/bilde/forside/?size=mini&amp;id=9781781160985.jpg</subfield>
            <subfield code="q">image/jpeg</subfield>
          </datafield>
          <datafield ind1="0" ind2="1" tag="852">
            <subfield code="a">47BIBSYS_HH</subfield>
            <subfield code="6">991214931994702214</subfield>
            <subfield code="9">P</subfield>
          </datafield>
          <datafield ind1=" " ind2=" " tag="901">
            <subfield code="a">80</subfield>
          </datafield>
        </record>
      </recordData>
      <recordPosition>12</recordPosition>
    </record>