
    <record>
      <recordSchema>marcxml</recordSchema>
      <recordPacking>xml</recordPacking>
      <recordData>
        <record xmlns="">
          <leader>01713cam a2200421 c 4500</leader>
          <controlfield tag="001">999518114874702201</controlfield>
          <controlfield tag="005">20151023092214.0</controlfield>
          <controlfield tag="007">ta</controlfield>
          <controlfield tag="008">151023s1994    xx#|||||||||||000|u|eng|d</controlfield>
          <datafield ind1=" " ind2=" " tag="020">
            <subfield code="a">0883850281</subfield>
          </datafield>
          <datafield ind1=" " ind2=" " tag="020">
            <subfield code="a">0883850419</subfield>
          </datafield>
          <datafield ind1=" " ind2=" " tag="020">
            <subfield code="a">9780883850411</subfield>
            <subfield code="q">h.</subfield>
          </datafield>
          <datafield ind1=" " ind2=" " tag="035">
            <subfield code="a">951811487-47bibsys_network</subfield>
          </datafield>
          <datafield ind1=" " ind2=" " tag="035">
            <subfield code="a">(NO-TrBIB)951811487</subfield>
          </datafield>
          <datafield ind1=" " ind2=" " tag="040">
            <subfield code="a">NO-TrBIB</subfield>
            <subfield code="b">nob</subfield>
            <subfield code="e">katreg</subfield>
          </datafield>
          <datafield ind1=" " ind2=" " tag="080">
            <subfield code="a">512.7</subfield>
          </datafield>
          <datafield ind1="0" ind2="4" tag="082">
            <subfield code="a">516.132</subfield>
            <subfield code="q">NoBeU</subfield>
            <subfield code="2">23</subfield>
          </datafield>
          <datafield ind1=" " ind2=" " tag="084">
            <subfield code="a">14-00</subfield>
            <subfield code="2">msc</subfield>
          </datafield>
          <datafield ind1=" " ind2=" " tag="084">
            <subfield code="a">05B45</subfield>
            <subfield code="2">msc</subfield>
          </datafield>
          <datafield ind1=" " ind2=" " tag="084">
            <subfield code="a">05</subfield>
            <subfield code="2">msc</subfield>
          </datafield>
          <datafield ind1=" " ind2=" " tag="084">
            <subfield code="a">05B</subfield>
            <subfield code="2">msc</subfield>
          </datafield>
          <datafield ind1="1" ind2=" " tag="100">
            <subfield code="a">Stein, Sherman K.</subfield>
            <subfield code="0">(NO-TrBIB)90162880</subfield>
          </datafield>
          <datafield ind1="1" ind2="0" tag="245">
            <subfield code="a">Algebra and tiling :</subfield>
            <subfield code="b">homomorphisms in the service of geometry</subfield>
            <subfield code="c">Sherman K. Stein and Sándor Szabó</subfield>
          </datafield>
          <datafield ind1=" " ind2=" " tag="260">
            <subfield code="a">Washington, DC</subfield>
            <subfield code="b">Mathematical Association of America</subfield>
            <subfield code="c">c1994</subfield>
          </datafield>
          <datafield ind1=" " ind2=" " tag="300">
            <subfield code="a">XII, 207 s.</subfield>
            <subfield code="b">ill.</subfield>
          </datafield>
          <datafield ind1="1" ind2=" " tag="490">
            <subfield code="a">The Carus mathematical monographs</subfield>
            <subfield code="v">no. 25</subfield>
          </datafield>
          <datafield ind1=" " ind2="7" tag="650">
            <subfield code="a">Mønstre</subfield>
            <subfield code="2">noubomn</subfield>
          </datafield>
          <datafield ind1=" " ind2="7" tag="650">
            <subfield code="a">Geometri</subfield>
            <subfield code="2">noubomn</subfield>
          </datafield>
          <datafield ind1=" " ind2="7" tag="650">
            <subfield code="a">Algebraisk geometri</subfield>
            <subfield code="2">tekord</subfield>
          </datafield>
          <datafield ind1=" " ind2=" " tag="653">
            <subfield code="a">geometri</subfield>
            <subfield code="a">algebra</subfield>
            <subfield code="a">mønstre</subfield>
            <subfield code="a">tesselering</subfield>
            <subfield code="a">tesselation</subfield>
          </datafield>
          <datafield ind1="1" ind2=" " tag="700">
            <subfield code="a">Szabo, Sandor</subfield>
            <subfield code="0">(NO-TrBIB)90516363</subfield>
          </datafield>
          <datafield ind1="0" ind2=" " tag="776">
            <subfield code="t">From error-correcting codes through sphere packings to simple groups</subfield>
            <subfield code="w">991508879224702201</subfield>
          </datafield>
          <datafield ind1="0" ind2=" " tag="776">
            <subfield code="t">Algebra and tiling : homomorphisms in the service of geometry</subfield>
            <subfield code="w">991432249304702201</subfield>
          </datafield>
          <datafield ind1="0" ind2=" " tag="776">
            <subfield code="t">Algebra and tiling : homomorphisms in the service of geometry</subfield>
            <subfield code="w">991509098024702201</subfield>
          </datafield>
          <datafield ind1=" " ind2=" " tag="830">
            <subfield code="a">The Carus mathematical monographs</subfield>
            <subfield code="x">0069-0813</subfield>
            <subfield code="v">no. 25</subfield>
            <subfield code="w">998521456594702201</subfield>
          </datafield>
          <datafield ind1="4" ind2="2" tag="856">
            <subfield code="3">Beskrivelse fra forlaget (kort)</subfield>
            <subfield code="u">http://content.bibsys.no/content/?type=descr_publ_brief&amp;isbn=0883850281</subfield>
          </datafield>
          <datafield ind1="4" ind2="2" tag="856">
            <subfield code="3">Beskrivelse fra forlaget (lang)</subfield>
            <subfield code="u">http://content.bibsys.no/content/?type=descr_publ_full&amp;isbn=0883850281</subfield>
          </datafield>
          <datafield ind1="0" ind2="1" tag="852">
            <subfield code="a">47BIBSYS_UBA</subfield>
            <subfield code="6">999518114874702209</subfield>
            <subfield code="9">P</subfield>
          </datafield>
          <datafield ind1="0" ind2="1" tag="852">
            <subfield code="a">47BIBSYS_UBB</subfield>
            <subfield code="6">999518114874702207</subfield>
            <subfield code="9">P</subfield>
          </datafield>
          <datafield ind1="0" ind2="1" tag="852">
            <subfield code="a">47BIBSYS_UBO</subfield>
            <subfield code="6">999518114874702204</subfield>
            <subfield code="9">P</subfield>
          </datafield>
          <datafield ind1="0" ind2="1" tag="852">
            <subfield code="a">47BIBSYS_NTNU_UB</subfield>
            <subfield code="6">999518114874702203</subfield>
            <subfield code="9">P</subfield>
          </datafield>
          <datafield ind1=" " ind2=" " tag="901">
            <subfield code="a">80</subfield>
          </datafield>
        </record>
      </recordData>
      <recordPosition>14</recordPosition>
    </record>