
    <record>
      <recordSchema>marcxml</recordSchema>
      <recordPacking>xml</recordPacking>
      <recordData>
        <record xmlns="">
          <leader>01349cam a2200349 c 4500</leader>
          <controlfield tag="001">999510232924702201</controlfield>
          <controlfield tag="005">20110607000000.0</controlfield>
          <controlfield tag="007">ta</controlfield>
          <controlfield tag="008">110607s1995    xx#|||||||||||000|u|eng|d</controlfield>
          <datafield ind1=" " ind2=" " tag="020">
            <subfield code="a">3540578420</subfield>
          </datafield>
          <datafield ind1=" " ind2=" " tag="020">
            <subfield code="a">0387578420</subfield>
          </datafield>
          <datafield ind1=" " ind2=" " tag="035">
            <subfield code="a">951023292-47bibsys_network</subfield>
          </datafield>
          <datafield ind1=" " ind2=" " tag="035">
            <subfield code="a">(NO-TrBIB)951023292</subfield>
          </datafield>
          <datafield ind1=" " ind2=" " tag="040">
            <subfield code="a">NO-TrBIB</subfield>
            <subfield code="b">nob</subfield>
            <subfield code="e">katreg</subfield>
          </datafield>
          <datafield ind1=" " ind2=" " tag="084">
            <subfield code="a">c4240</subfield>
            <subfield code="q">NoOU</subfield>
            <subfield code="2">inspec</subfield>
          </datafield>
          <datafield ind1=" " ind2=" " tag="084">
            <subfield code="a">a8710</subfield>
            <subfield code="q">NoOU</subfield>
            <subfield code="2">inspec</subfield>
          </datafield>
          <datafield ind1="1" ind2=" " tag="100">
            <subfield code="a">Meinhardt, Hans</subfield>
            <subfield code="0">(NO-TrBIB)90155941</subfield>
          </datafield>
          <datafield ind1="1" ind2="4" tag="245">
            <subfield code="a">The algorithmic beauty of sea shells</subfield>
            <subfield code="c">Hans Meinhardt ; with contributions and images by Premyslaw Prusinkiewicz and Deborah R. Fowler</subfield>
          </datafield>
          <datafield ind1=" " ind2=" " tag="260">
            <subfield code="a">Berlin</subfield>
            <subfield code="b">Springer-Verlag</subfield>
            <subfield code="c">c1995</subfield>
          </datafield>
          <datafield ind1=" " ind2=" " tag="300">
            <subfield code="a">XI, 204 s.</subfield>
            <subfield code="b">ill.</subfield>
            <subfield code="e">1 diskett</subfield>
          </datafield>
          <datafield ind1="1" ind2=" " tag="490">
            <subfield code="a">The Virtual laboratory</subfield>
          </datafield>
          <datafield ind1=" " ind2="0" tag="650">
            <subfield code="a">Shells</subfield>
            <subfield code="x">Computer simulation</subfield>
          </datafield>
          <datafield ind1=" " ind2="0" tag="650">
            <subfield code="a">Pattern formation (Biology)</subfield>
            <subfield code="x">Computer simulation</subfield>
          </datafield>
          <datafield ind1=" " ind2="7" tag="650">
            <subfield code="a">Mønstre</subfield>
            <subfield code="2">noubomn</subfield>
          </datafield>
          <datafield ind1=" " ind2="7" tag="650">
            <subfield code="a">Algoritmer</subfield>
            <subfield code="2">noubomn</subfield>
          </datafield>
          <datafield ind1=" " ind2=" " tag="653">
            <subfield code="a">skjell</subfield>
            <subfield code="a">muslinger</subfield>
            <subfield code="a">mønster</subfield>
            <subfield code="a">algoritmer</subfield>
          </datafield>
          <datafield ind1="1" ind2=" " tag="700">
            <subfield code="a">Prusinkiewicz, Przemyslaw</subfield>
            <subfield code="0">(NO-TrBIB)90255383</subfield>
          </datafield>
          <datafield ind1="1" ind2=" " tag="700">
            <subfield code="a">Fowler, Deborah R.</subfield>
            <subfield code="0">(NO-TrBIB)90829500</subfield>
          </datafield>
          <datafield ind1=" " ind2="4" tag="830">
            <subfield code="a">The Virtual laboratory</subfield>
          </datafield>
          <datafield ind1="4" ind2="2" tag="856">
            <subfield code="3">Beskrivelse fra forlaget (kort)</subfield>
            <subfield code="u">http://content.bibsys.no/content/?type=descr_publ_brief&amp;isbn=3540578420</subfield>
          </datafield>
          <datafield ind1="4" ind2="2" tag="856">
            <subfield code="3">Beskrivelse fra forlaget (lang)</subfield>
            <subfield code="u">http://content.bibsys.no/content/?type=descr_publ_full&amp;isbn=3540578420</subfield>
          </datafield>
          <datafield ind1="0" ind2="1" tag="852">
            <subfield code="a">47BIBSYS_UBO</subfield>
            <subfield code="6">999510232924702204</subfield>
            <subfield code="9">P</subfield>
          </datafield>
          <datafield ind1=" " ind2=" " tag="901">
            <subfield code="a">80</subfield>
          </datafield>
        </record>
      </recordData>
      <recordPosition>15</recordPosition>
    </record>