
    <record>
      <recordSchema>marcxml</recordSchema>
      <recordPacking>xml</recordPacking>
      <recordData>
        <record xmlns="">
          <leader>01366cam a2200325 c 4500</leader>
          <controlfield tag="001">990012891794702201</controlfield>
          <controlfield tag="005">20110607102944.0</controlfield>
          <controlfield tag="007">ta</controlfield>
          <controlfield tag="008">110607s1999    xx#|||||||||||000|u|eng|d</controlfield>
          <datafield ind1=" " ind2=" " tag="020">
            <subfield code="a">0745314058</subfield>
            <subfield code="q">ib.</subfield>
          </datafield>
          <datafield ind1=" " ind2=" " tag="035">
            <subfield code="a">001289179-47bibsys_network</subfield>
          </datafield>
          <datafield ind1=" " ind2=" " tag="035">
            <subfield code="a">(NO-TrBIB)001289179</subfield>
          </datafield>
          <datafield ind1=" " ind2=" " tag="040">
            <subfield code="a">NO-TrBIB</subfield>
            <subfield code="b">nob</subfield>
            <subfield code="e">katreg</subfield>
          </datafield>
          <datafield ind1="0" ind2="0" tag="245">
            <subfield code="a">Alien identities :</subfield>
            <subfield code="b">exploring difference in film and fiction</subfield>
            <subfield code="c">edited by Deborah Cartmell ... [et al.]</subfield>
          </datafield>
          <datafield ind1=" " ind2=" " tag="260">
            <subfield code="a">London</subfield>
            <subfield code="b">Pluto Press</subfield>
            <subfield code="c">1999</subfield>
          </datafield>
          <datafield ind1=" " ind2=" " tag="300">
            <subfield code="a">IX, 197 s.</subfield>
          </datafield>
          <datafield ind1="1" ind2=" " tag="490">
            <subfield code="a">Film/fiction</subfield>
            <subfield code="v">v. 4</subfield>
          </datafield>
          <datafield ind1=" " ind2="0" tag="650">
            <subfield code="a">Alienation (Social psychology) in motion pictures</subfield>
          </datafield>
          <datafield ind1=" " ind2="0" tag="650">
            <subfield code="a">Aliens in motion pictures</subfield>
          </datafield>
          <datafield ind1=" " ind2="0" tag="650">
            <subfield code="a">Monsters in motion pictures</subfield>
          </datafield>
          <datafield ind1=" " ind2="0" tag="650">
            <subfield code="a">Film adaptations</subfield>
          </datafield>
          <datafield ind1=" " ind2=" " tag="653">
            <subfield code="a">film</subfield>
            <subfield code="a">fremmedgjøring</subfield>
            <subfield code="a">monstre</subfield>
          </datafield>
          <datafield ind1="1" ind2=" " tag="700">
            <subfield code="a">Cartmell, Deborah</subfield>
            <subfield code="0">(NO-TrBIB)90936119</subfield>
          </datafield>
          <datafield ind1="0" ind2=" " tag="776">
            <subfield code="t">Alien identities : exploring difference in film and fiction</subfield>
            <subfield code="w">990404680204702201</subfield>
          </datafield>
          <datafield ind1="0" ind2=" " tag="776">
            <subfield code="t">Alien identities : exploring differences in film and fiction</subfield>
            <subfield code="w">991312005004702201</subfield>
          </datafield>
          <datafield ind1=" " ind2="0" tag="830">
            <subfield code="a">Film/fiction</subfield>
            <subfield code="v">v. 4</subfield>
          </datafield>
          <datafield ind1="4" ind2="2" tag="856">
            <subfield code="3">Beskrivelse fra forlaget (kort)</subfield>
            <subfield code="u">http://content.bibsys.no/content/?type=descr_publ_brief&amp;isbn=0745314058</subfield>
          </datafield>
          <datafield ind1="4" ind2="2" tag="856">
            <subfield code="3">Beskrivelse fra forlaget (lang)</subfield>
            <subfield code="u">http://content.bibsys.no/content/?type=descr_publ_full&amp;isbn=0745314058</subfield>
          </datafield>
          <datafield ind1="4" ind2="2" tag="856">
            <subfield code="3">Innholdsfortegnelse</subfield>
            <subfield code="u">http://content.bibsys.no/content/?type=toc&amp;isbn=0745314058</subfield>
          </datafield>
          <datafield ind1="0" ind2="1" tag="852">
            <subfield code="a">47BIBSYS_UBO</subfield>
            <subfield code="6">990012891794702204</subfield>
            <subfield code="9">P</subfield>
          </datafield>
          <datafield ind1=" " ind2=" " tag="901">
            <subfield code="a">80</subfield>
          </datafield>
        </record>
      </recordData>
      <recordPosition>16</recordPosition>
    </record>