
    <record>
      <recordSchema>marcxml</recordSchema>
      <recordPacking>xml</recordPacking>
      <recordData>
        <record xmlns="">
          <leader>00683cam a2200217 c 4500</leader>
          <controlfield tag="001">990703841934702201</controlfield>
          <controlfield tag="005">20070403100053.0</controlfield>
          <controlfield tag="007">ta</controlfield>
          <controlfield tag="008">070403s1975    xx#|||||||||||000|u|eng|d</controlfield>
          <datafield ind1=" " ind2=" " tag="020">
            <subfield code="a">0486231798</subfield>
            <subfield code="q">h.</subfield>
          </datafield>
          <datafield ind1=" " ind2=" " tag="035">
            <subfield code="a">070384193-47bibsys_network</subfield>
          </datafield>
          <datafield ind1=" " ind2=" " tag="035">
            <subfield code="a">(NO-TrBIB)070384193</subfield>
          </datafield>
          <datafield ind1=" " ind2=" " tag="040">
            <subfield code="a">NO-TrBIB</subfield>
            <subfield code="b">nob</subfield>
            <subfield code="e">katreg</subfield>
          </datafield>
          <datafield ind1="1" ind2=" " tag="100">
            <subfield code="a">Hornung, Clarence P.</subfield>
            <subfield code="0">(NO-TrBIB)2031294</subfield>
          </datafield>
          <datafield ind1="1" ind2="0" tag="245">
            <subfield code="a">Allover patterns for designers and craftsmen</subfield>
            <subfield code="c">Clarence P. Hornung</subfield>
          </datafield>
          <datafield ind1=" " ind2=" " tag="260">
            <subfield code="a">New York</subfield>
            <subfield code="b">Dover Publications</subfield>
            <subfield code="c">1975</subfield>
          </datafield>
          <datafield ind1=" " ind2=" " tag="300">
            <subfield code="a">[118] p.</subfield>
            <subfield code="b">chiefly ill. (some col.)</subfield>
          </datafield>
          <datafield ind1="0" ind2=" " tag="490">
            <subfield code="a">Dover pictorial archive series</subfield>
          </datafield>
          <datafield ind1=" " ind2="0" tag="650">
            <subfield code="a">Decoration and ornament</subfield>
          </datafield>
          <datafield ind1=" " ind2=" " tag="653">
            <subfield code="a">mønster</subfield>
            <subfield code="a">mønstre</subfield>
            <subfield code="a">natur</subfield>
            <subfield code="a">utsmykking</subfield>
            <subfield code="a">formgiving</subfield>
          </datafield>
          <datafield ind1="0" ind2="1" tag="852">
            <subfield code="a">47BIBSYS_HIOA</subfield>
            <subfield code="6">990703841934702212</subfield>
            <subfield code="9">P</subfield>
          </datafield>
          <datafield ind1=" " ind2=" " tag="901">
            <subfield code="a">80</subfield>
          </datafield>
        </record>
      </recordData>
      <recordPosition>17</recordPosition>
    </record>