
    <record>
      <recordSchema>marcxml</recordSchema>
      <recordPacking>xml</recordPacking>
      <recordData>
        <record xmlns="">
          <leader>01307cam a2200361 c 4500</leader>
          <controlfield tag="001">999429150624702201</controlfield>
          <controlfield tag="005">20160115002437.0</controlfield>
          <controlfield tag="007">ta</controlfield>
          <controlfield tag="007">cr||||||||||||</controlfield>
          <controlfield tag="008">140613s1994    xx#||||| |||||000|u|nob|</controlfield>
          <datafield ind1=" " ind2=" " tag="015">
            <subfield code="a">9410214</subfield>
            <subfield code="2">nbf</subfield>
          </datafield>
          <datafield ind1=" " ind2=" " tag="020">
            <subfield code="a">8277740034</subfield>
            <subfield code="q">ib.</subfield>
            <subfield code="c">Nkr 398.00</subfield>
          </datafield>
          <datafield ind1=" " ind2=" " tag="035">
            <subfield code="a">942915062-47bibsys_network</subfield>
          </datafield>
          <datafield ind1=" " ind2=" " tag="035">
            <subfield code="a">(NO-TrBIB)942915062</subfield>
          </datafield>
          <datafield ind1=" " ind2=" " tag="035">
            <subfield code="a">(NO-TrBIB)091965691</subfield>
          </datafield>
          <datafield ind1=" " ind2=" " tag="040">
            <subfield code="a">NO-OsNB</subfield>
            <subfield code="b">nob</subfield>
            <subfield code="e">katreg</subfield>
          </datafield>
          <datafield ind1=" " ind2=" " tag="042">
            <subfield code="a">norbibl</subfield>
          </datafield>
          <datafield ind1=" " ind2=" " tag="044">
            <subfield code="c">no</subfield>
          </datafield>
          <datafield ind1="7" ind2="4" tag="082">
            <subfield code="a">746.43</subfield>
            <subfield code="q">NO-OsNB</subfield>
            <subfield code="2">4/nor</subfield>
          </datafield>
          <datafield ind1=" " ind2=" " tag="084">
            <subfield code="a">Qc 8br</subfield>
            <subfield code="2">ubtkl/2</subfield>
          </datafield>
          <datafield ind1="1" ind2=" " tag="100">
            <subfield code="a">Gjelstad, Anne Helene</subfield>
          </datafield>
          <datafield ind1="1" ind2="0" tag="245">
            <subfield code="a">Alt om maskinstrikking</subfield>
            <subfield code="c">av Anne Helene Gjelstad ; [foto: Terje Borud]</subfield>
          </datafield>
          <datafield ind1=" " ind2=" " tag="260">
            <subfield code="a">Oslo</subfield>
            <subfield code="b">Allehånde</subfield>
            <subfield code="c">cop. 1994</subfield>
          </datafield>
          <datafield ind1=" " ind2=" " tag="300">
            <subfield code="a">149 s.</subfield>
            <subfield code="b">ill.</subfield>
            <subfield code="c">27 cm</subfield>
          </datafield>
          <datafield ind1="1" ind2=" " tag="490">
            <subfield code="a">Norske hobbybøker</subfield>
          </datafield>
          <datafield ind1="0" ind2=" " tag="506">
            <subfield code="f">Åpen tilgang</subfield>
          </datafield>
          <datafield ind1=" " ind2=" " tag="533">
            <subfield code="a">Elektronisk reproduksjon</subfield>
            <subfield code="b">[Norge]</subfield>
            <subfield code="c">Nasjonalbiblioteket Digital</subfield>
            <subfield code="d">2009-04-06</subfield>
          </datafield>
          <datafield ind1=" " ind2=" " tag="653">
            <subfield code="a">strikking</subfield>
            <subfield code="a">maskinstrikking</subfield>
            <subfield code="a">tekstilkunst</subfield>
            <subfield code="a">mønstre</subfield>
          </datafield>
          <datafield ind1=" " ind2="0" tag="830">
            <subfield code="a">Norske hobbybøker</subfield>
          </datafield>
          <datafield ind1="4" ind2="2" tag="856">
            <subfield code="3">Beskrivelse fra Forlagssentralen</subfield>
            <subfield code="u">http://content.bibsys.no/content/?type=descr_forlagssentr&amp;isbn=8277740034</subfield>
          </datafield>
          <datafield ind1="4" ind2="0" tag="856">
            <subfield code="3">Fulltekst</subfield>
            <subfield code="u">http://urn.nb.no/URN:NBN:no-nb_digibok_2008010400029</subfield>
            <subfield code="y">NB digitalisert</subfield>
            <subfield code="z">Elektronisk reproduksjon. Gratis. For norske IP-adresser</subfield>
          </datafield>
          <datafield ind1="0" ind2="1" tag="852">
            <subfield code="a">47BIBSYS_UBB</subfield>
            <subfield code="6">999429150624702207</subfield>
            <subfield code="9">P</subfield>
          </datafield>
          <datafield ind1="0" ind2="1" tag="852">
            <subfield code="a">47BIBSYS_HIT</subfield>
            <subfield code="6">999429150624702210</subfield>
            <subfield code="9">P</subfield>
          </datafield>
          <datafield ind1="0" ind2="1" tag="852">
            <subfield code="a">47BIBSYS_HIOA</subfield>
            <subfield code="6">999429150624702212</subfield>
            <subfield code="9">P</subfield>
          </datafield>
          <datafield ind1="0" ind2="1" tag="852">
            <subfield code="a">47BIBSYS_UBTO</subfield>
            <subfield code="6">999429150624702205</subfield>
            <subfield code="9">P</subfield>
          </datafield>
          <datafield ind1="0" ind2="1" tag="852">
            <subfield code="a">47BIBSYS_KHIO</subfield>
            <subfield code="6">999429150624702243</subfield>
            <subfield code="9">P</subfield>
          </datafield>
          <datafield ind1="0" ind2="1" tag="852">
            <subfield code="a">47BIBSYS_NB</subfield>
            <subfield code="6">999429150624702202</subfield>
            <subfield code="9">D</subfield>
            <subfield code="9">P</subfield>
          </datafield>
          <datafield ind1="0" ind2="1" tag="852">
            <subfield code="a">47BIBSYS_NTNU_UB</subfield>
            <subfield code="6">999429150624702203</subfield>
            <subfield code="9">P</subfield>
          </datafield>
          <datafield ind1=" " ind2=" " tag="901">
            <subfield code="a">90</subfield>
          </datafield>
          <datafield ind1=" " ind2=" " tag="913">
            <subfield code="a">Norbok</subfield>
            <subfield code="b">NB</subfield>
          </datafield>
        </record>
      </recordData>
      <recordPosition>18</recordPosition>
    </record>