
    <record>
      <recordSchema>marcxml</recordSchema>
      <recordPacking>xml</recordPacking>
      <recordData>
        <record xmlns="">
          <leader>01235cam a2200349 c 4500</leader>
          <controlfield tag="001">990704714444702201</controlfield>
          <controlfield tag="005">20070518121243.0</controlfield>
          <controlfield tag="007">ta</controlfield>
          <controlfield tag="008">070518s2002    xx#|||||||||||000|u|eng|d</controlfield>
          <datafield ind1=" " ind2=" " tag="020">
            <subfield code="a">1580461204</subfield>
            <subfield code="q">ib.</subfield>
          </datafield>
          <datafield ind1=" " ind2=" " tag="035">
            <subfield code="a">070471444-47bibsys_network</subfield>
          </datafield>
          <datafield ind1=" " ind2=" " tag="035">
            <subfield code="a">(NO-TrBIB)070471444</subfield>
          </datafield>
          <datafield ind1=" " ind2=" " tag="040">
            <subfield code="a">NO-TrBIB</subfield>
            <subfield code="b">nob</subfield>
            <subfield code="e">katreg</subfield>
          </datafield>
          <datafield ind1="0" ind2="4" tag="245">
            <subfield code="a">The animal-human boundary :</subfield>
            <subfield code="b">historical perspectives</subfield>
            <subfield code="c">edited by Angela N.H. Creager and William Chester Jordan</subfield>
          </datafield>
          <datafield ind1=" " ind2=" " tag="260">
            <subfield code="a">Rochester, N.Y.</subfield>
            <subfield code="b">University of Rochester Press</subfield>
            <subfield code="c">c2002</subfield>
          </datafield>
          <datafield ind1=" " ind2=" " tag="300">
            <subfield code="a">XVIII, 342 s.</subfield>
            <subfield code="b">ill.</subfield>
          </datafield>
          <datafield ind1="1" ind2=" " tag="490">
            <subfield code="a">Studies in comparative history</subfield>
          </datafield>
          <datafield ind1=" " ind2="0" tag="650">
            <subfield code="a">Animals and civilization</subfield>
          </datafield>
          <datafield ind1=" " ind2="0" tag="650">
            <subfield code="a">Animals</subfield>
            <subfield code="x">Symbolic aspects</subfield>
          </datafield>
          <datafield ind1=" " ind2="0" tag="650">
            <subfield code="a">Bestiality</subfield>
          </datafield>
          <datafield ind1=" " ind2="7" tag="650">
            <subfield code="a">Dyr</subfield>
            <subfield code="2">humord</subfield>
          </datafield>
          <datafield ind1=" " ind2="7" tag="650">
            <subfield code="a">Mennesker</subfield>
            <subfield code="2">humord</subfield>
          </datafield>
          <datafield ind1=" " ind2="7" tag="650">
            <subfield code="a">Historisk framstilling</subfield>
            <subfield code="2">humord</subfield>
          </datafield>
          <datafield ind1=" " ind2="7" tag="650">
            <subfield code="a">monstre</subfield>
            <subfield code="2">humord</subfield>
          </datafield>
          <datafield ind1=" " ind2="7" tag="650">
            <subfield code="a">Sivilisasjon</subfield>
            <subfield code="2">humord</subfield>
          </datafield>
          <datafield ind1=" " ind2="7" tag="650">
            <subfield code="a">Dyresymbolikk</subfield>
            <subfield code="2">humord</subfield>
          </datafield>
          <datafield ind1="1" ind2=" " tag="700">
            <subfield code="a">Creager, Angela N.H.</subfield>
            <subfield code="0">(NO-TrBIB)2036943</subfield>
          </datafield>
          <datafield ind1="1" ind2=" " tag="700">
            <subfield code="a">Jordan, William Chester</subfield>
            <subfield code="0">(NO-TrBIB)90940132</subfield>
          </datafield>
          <datafield ind1="2" ind2=" " tag="710">
            <subfield code="a">Shelby Cullom Davis Center for Historical Studies</subfield>
            <subfield code="0">(NO-TrBIB)90545892</subfield>
          </datafield>
          <datafield ind1=" " ind2="0" tag="830">
            <subfield code="a">Studies in comparative history</subfield>
          </datafield>
          <datafield ind1="4" ind2="2" tag="856">
            <subfield code="3">Innholdsfortegnelse</subfield>
            <subfield code="u">http://www.loc.gov/catdir/toc/fy035/2002072458.html</subfield>
          </datafield>
          <datafield ind1="0" ind2="1" tag="852">
            <subfield code="a">47BIBSYS_UBO</subfield>
            <subfield code="6">990704714444702204</subfield>
            <subfield code="9">P</subfield>
          </datafield>
          <datafield ind1=" " ind2=" " tag="901">
            <subfield code="a">80</subfield>
          </datafield>
        </record>
      </recordData>
      <recordPosition>22</recordPosition>
    </record>