
    <record>
      <recordSchema>marcxml</recordSchema>
      <recordPacking>xml</recordPacking>
      <recordData>
        <record xmlns="">
          <leader>00770cam a2200265 c 4500</leader>
          <controlfield tag="001">999308993344702201</controlfield>
          <controlfield tag="005">20091209143108.0</controlfield>
          <controlfield tag="007">ta</controlfield>
          <controlfield tag="008">091209s1992    xx#|||||||||||000|u|eng|d</controlfield>
          <datafield ind1=" " ind2=" " tag="020">
            <subfield code="a">0500276625</subfield>
            <subfield code="q">h.</subfield>
          </datafield>
          <datafield ind1=" " ind2=" " tag="035">
            <subfield code="a">930899334-47bibsys_network</subfield>
          </datafield>
          <datafield ind1=" " ind2=" " tag="035">
            <subfield code="a">(NO-TrBIB)930899334</subfield>
          </datafield>
          <datafield ind1=" " ind2=" " tag="040">
            <subfield code="a">NO-TrBIB</subfield>
            <subfield code="b">nob</subfield>
            <subfield code="e">katreg</subfield>
          </datafield>
          <datafield ind1=" " ind2=" " tag="080">
            <subfield code="a">7.042</subfield>
          </datafield>
          <datafield ind1=" " ind2=" " tag="084">
            <subfield code="a">Im 62f</subfield>
            <subfield code="2">ubtkl/2</subfield>
          </datafield>
          <datafield ind1=" " ind2=" " tag="084">
            <subfield code="a">Im 20f</subfield>
            <subfield code="2">ubtkl/2</subfield>
          </datafield>
          <datafield ind1=" " ind2=" " tag="084">
            <subfield code="a">Rb 13b</subfield>
            <subfield code="2">ubtkl/2</subfield>
          </datafield>
          <datafield ind1="1" ind2=" " tag="100">
            <subfield code="a">Meehan, Aidan</subfield>
            <subfield code="0">(NO-TrBIB)90696647</subfield>
          </datafield>
          <datafield ind1="1" ind2="0" tag="245">
            <subfield code="a">Animal patterns</subfield>
            <subfield code="c">Aidan Meehan</subfield>
          </datafield>
          <datafield ind1=" " ind2=" " tag="260">
            <subfield code="a">London</subfield>
            <subfield code="b">Thames and Hudson</subfield>
            <subfield code="c">c1992</subfield>
          </datafield>
          <datafield ind1=" " ind2=" " tag="300">
            <subfield code="a">160 s.</subfield>
            <subfield code="b">ill.</subfield>
          </datafield>
          <datafield ind1="1" ind2=" " tag="490">
            <subfield code="a">Celtic design</subfield>
          </datafield>
          <datafield ind1=" " ind2=" " tag="653">
            <subfield code="a">dyremotiv</subfield>
            <subfield code="a">keltisk</subfield>
            <subfield code="a">kunst</subfield>
            <subfield code="a">jernalderen</subfield>
            <subfield code="a">keltere</subfield>
            <subfield code="a">ornamentikk</subfield>
            <subfield code="a">dekorativ</subfield>
            <subfield code="a">dyreornamentikk</subfield>
            <subfield code="a">mønstre</subfield>
            <subfield code="a">dyremotiver</subfield>
          </datafield>
          <datafield ind1=" " ind2="0" tag="830">
            <subfield code="a">Celtic design</subfield>
          </datafield>
          <datafield ind1="0" ind2="1" tag="852">
            <subfield code="a">47BIBSYS_HIT</subfield>
            <subfield code="6">999308993344702210</subfield>
            <subfield code="9">P</subfield>
          </datafield>
          <datafield ind1="0" ind2="1" tag="852">
            <subfield code="a">47BIBSYS_HIOA</subfield>
            <subfield code="6">999308993344702212</subfield>
            <subfield code="9">P</subfield>
          </datafield>
          <datafield ind1="0" ind2="1" tag="852">
            <subfield code="a">47BIBSYS_UBTO</subfield>
            <subfield code="6">999308993344702205</subfield>
            <subfield code="9">P</subfield>
          </datafield>
          <datafield ind1="0" ind2="1" tag="852">
            <subfield code="a">47BIBSYS_NTNU_UB</subfield>
            <subfield code="6">999308993344702203</subfield>
            <subfield code="9">P</subfield>
          </datafield>
          <datafield ind1=" " ind2=" " tag="901">
            <subfield code="a">80</subfield>
          </datafield>
        </record>
      </recordData>
      <recordPosition>23</recordPosition>
    </record>