
    <record>
      <recordSchema>marcxml</recordSchema>
      <recordPacking>xml</recordPacking>
      <recordData>
        <record xmlns="">
          <leader>01044cam a2200337 c 4500</leader>
          <controlfield tag="001">999909243274702201</controlfield>
          <controlfield tag="005">20110124105058.0</controlfield>
          <controlfield tag="007">ta</controlfield>
          <controlfield tag="008">110124s1999    xx#|||||||||||000|u|fre|d</controlfield>
          <datafield ind1=" " ind2=" " tag="020">
            <subfield code="a">2020307987</subfield>
            <subfield code="q">h.</subfield>
          </datafield>
          <datafield ind1=" " ind2=" " tag="035">
            <subfield code="a">990924327-47bibsys_network</subfield>
          </datafield>
          <datafield ind1=" " ind2=" " tag="035">
            <subfield code="a">(NO-TrBIB)990924327</subfield>
          </datafield>
          <datafield ind1=" " ind2=" " tag="040">
            <subfield code="a">NO-TrBIB</subfield>
            <subfield code="b">nob</subfield>
            <subfield code="e">katreg</subfield>
          </datafield>
          <datafield ind1="1" ind2=" " tag="100">
            <subfield code="a">Foucault, Michel</subfield>
            <subfield code="0">(NO-TrBIB)90051324</subfield>
          </datafield>
          <datafield ind1="1" ind2="4" tag="245">
            <subfield code="a">Les anormaux :</subfield>
            <subfield code="b">cours au Collège de France (1974-1975)</subfield>
            <subfield code="c">Michel Foucault ; édition établie sous la direction de Francois Ewald ... [et al.]</subfield>
          </datafield>
          <datafield ind1=" " ind2=" " tag="260">
            <subfield code="a">Paris</subfield>
            <subfield code="b">Gallimard/Seuil</subfield>
            <subfield code="c">1999</subfield>
          </datafield>
          <datafield ind1=" " ind2=" " tag="300">
            <subfield code="a">XI, 351 s.</subfield>
          </datafield>
          <datafield ind1="1" ind2=" " tag="490">
            <subfield code="a">Hautes études</subfield>
          </datafield>
          <datafield ind1=" " ind2="7" tag="650">
            <subfield code="a">Filosofi</subfield>
            <subfield code="2">humord</subfield>
          </datafield>
          <datafield ind1=" " ind2="7" tag="650">
            <subfield code="a">Frankrike</subfield>
            <subfield code="2">humord</subfield>
          </datafield>
          <datafield ind1=" " ind2="7" tag="650">
            <subfield code="a">Makt</subfield>
            <subfield code="2">humord</subfield>
          </datafield>
          <datafield ind1=" " ind2="7" tag="650">
            <subfield code="a">Kunnskap</subfield>
            <subfield code="2">humord</subfield>
          </datafield>
          <datafield ind1=" " ind2="7" tag="650">
            <subfield code="a">Politikk</subfield>
            <subfield code="2">humord</subfield>
          </datafield>
          <datafield ind1=" " ind2="7" tag="650">
            <subfield code="a">Samfunn</subfield>
            <subfield code="2">humord</subfield>
          </datafield>
          <datafield ind1=" " ind2="7" tag="650">
            <subfield code="a">monstre</subfield>
            <subfield code="2">humord</subfield>
          </datafield>
          <datafield ind1=" " ind2="7" tag="650">
            <subfield code="a">Misdannelser</subfield>
            <subfield code="2">humord</subfield>
          </datafield>
          <datafield ind1=" " ind2="7" tag="650">
            <subfield code="a">Kulturanalyse</subfield>
            <subfield code="2">humord</subfield>
          </datafield>
          <datafield ind1="1" ind2=" " tag="700">
            <subfield code="a">Ewald, François</subfield>
            <subfield code="0">(NO-TrBIB)90547408</subfield>
          </datafield>
          <datafield ind1="2" ind2=" " tag="710">
            <subfield code="a">Collège de France</subfield>
            <subfield code="0">(NO-TrBIB)90085989</subfield>
          </datafield>
          <datafield ind1=" " ind2="0" tag="830">
            <subfield code="a">Hautes études</subfield>
          </datafield>
          <datafield ind1="0" ind2="1" tag="852">
            <subfield code="a">47BIBSYS_UBB</subfield>
            <subfield code="6">999909243274702207</subfield>
            <subfield code="9">P</subfield>
          </datafield>
          <datafield ind1="0" ind2="1" tag="852">
            <subfield code="a">47BIBSYS_UBO</subfield>
            <subfield code="6">999909243274702204</subfield>
            <subfield code="9">P</subfield>
          </datafield>
          <datafield ind1="0" ind2="1" tag="852">
            <subfield code="a">47BIBSYS_NTNU_UB</subfield>
            <subfield code="6">999909243274702203</subfield>
            <subfield code="9">P</subfield>
          </datafield>
          <datafield ind1=" " ind2=" " tag="901">
            <subfield code="a">80</subfield>
          </datafield>
        </record>
      </recordData>
      <recordPosition>24</recordPosition>
    </record>