
    <record>
      <recordSchema>marcxml</recordSchema>
      <recordPacking>xml</recordPacking>
      <recordData>
        <record xmlns="">
          <leader>00640cam a2200205 c 4500</leader>
          <controlfield tag="001">990618354634702201</controlfield>
          <controlfield tag="005">20080131103141.0</controlfield>
          <controlfield tag="007">ta</controlfield>
          <controlfield tag="008">080131s2004    xx#|||||||||||000|u|mul|d</controlfield>
          <datafield ind1=" " ind2=" " tag="020">
            <subfield code="a">9057680718</subfield>
            <subfield code="q">h.</subfield>
          </datafield>
          <datafield ind1=" " ind2=" " tag="035">
            <subfield code="a">061835463-47bibsys_network</subfield>
          </datafield>
          <datafield ind1=" " ind2=" " tag="035">
            <subfield code="a">(NO-TrBIB)061835463</subfield>
          </datafield>
          <datafield ind1=" " ind2=" " tag="040">
            <subfield code="a">NO-TrBIB</subfield>
            <subfield code="b">nob</subfield>
            <subfield code="e">katreg</subfield>
          </datafield>
          <datafield ind1=" " ind2=" " tag="041">
            <subfield code="a">eng</subfield>
            <subfield code="a">fre</subfield>
            <subfield code="a">spa</subfield>
            <subfield code="a">ita</subfield>
            <subfield code="a">jpn</subfield>
            <subfield code="a">ara</subfield>
          </datafield>
          <datafield ind1="1" ind2=" " tag="100">
            <subfield code="a">Roojen, Pepin van</subfield>
            <subfield code="0">(NO-TrBIB)97019627</subfield>
          </datafield>
          <datafield ind1="1" ind2="0" tag="245">
            <subfield code="a">Arabian geometric patterns</subfield>
            <subfield code="c">design &amp; text by Pepin van Roojen</subfield>
          </datafield>
          <datafield ind1=" " ind2=" " tag="260">
            <subfield code="a">Amsterdam</subfield>
            <subfield code="b">Pepin Press</subfield>
            <subfield code="c">2004</subfield>
          </datafield>
          <datafield ind1=" " ind2=" " tag="300">
            <subfield code="a">224 s.</subfield>
            <subfield code="b">ill.</subfield>
            <subfield code="c">1 optisk plate  (CD-ROM)</subfield>
          </datafield>
          <datafield ind1=" " ind2=" " tag="653">
            <subfield code="a">ornament</subfield>
            <subfield code="a">geometriske</subfield>
            <subfield code="a">mønstre</subfield>
            <subfield code="a">islamsk</subfield>
            <subfield code="a">kunst</subfield>
            <subfield code="a">arabisk</subfield>
          </datafield>
          <datafield ind1="0" ind2="1" tag="852">
            <subfield code="a">47BIBSYS_HIT</subfield>
            <subfield code="6">990618354634702210</subfield>
            <subfield code="9">P</subfield>
          </datafield>
          <datafield ind1=" " ind2=" " tag="901">
            <subfield code="a">80</subfield>
          </datafield>
        </record>
      </recordData>
      <recordPosition>26</recordPosition>
    </record>