
    <record>
      <recordSchema>marcxml</recordSchema>
      <recordPacking>xml</recordPacking>
      <recordData>
        <record xmlns="">
          <leader>01033cam a2200301 c 4500</leader>
          <controlfield tag="001">998840188064702201</controlfield>
          <controlfield tag="005">20150225210119.0</controlfield>
          <controlfield tag="007">ta</controlfield>
          <controlfield tag="008">150225s1987    xx#|||||||||||000|u|eng|d</controlfield>
          <datafield ind1=" " ind2=" " tag="020">
            <subfield code="a">8200077004</subfield>
            <subfield code="q">h.</subfield>
          </datafield>
          <datafield ind1=" " ind2=" " tag="020">
            <subfield code="a">8200078744</subfield>
            <subfield code="q">ib.</subfield>
            <subfield code="q">kun USA</subfield>
          </datafield>
          <datafield ind1=" " ind2=" " tag="035">
            <subfield code="a">884018806-47bibsys_network</subfield>
          </datafield>
          <datafield ind1=" " ind2=" " tag="035">
            <subfield code="a">(NO-TrBIB)884018806</subfield>
          </datafield>
          <datafield ind1=" " ind2=" " tag="040">
            <subfield code="a">NO-TrBIB</subfield>
            <subfield code="b">nob</subfield>
            <subfield code="e">katreg</subfield>
          </datafield>
          <datafield ind1=" " ind2=" " tag="080">
            <subfield code="a">72.01</subfield>
          </datafield>
          <datafield ind1=" " ind2=" " tag="084">
            <subfield code="a">Rb 21</subfield>
            <subfield code="2">ubtkl/2</subfield>
          </datafield>
          <datafield ind1="1" ind2=" " tag="100">
            <subfield code="a">Thiis-Evensen, Thomas</subfield>
            <subfield code="d">1946-</subfield>
            <subfield code="0">(NO-TrBIB)90136031</subfield>
          </datafield>
          <datafield ind1="1" ind2="0" tag="245">
            <subfield code="a">Archetypes in architecture</subfield>
            <subfield code="c">Thomas Thiis-Evensen ; [translated by Ruth Waaler ... and Scott Campbell]</subfield>
          </datafield>
          <datafield ind1="1" ind2=" " tag="246">
            <subfield code="a">Arkitekturens uttrykksformer</subfield>
            <subfield code="i">Originaltittel</subfield>
          </datafield>
          <datafield ind1=" " ind2=" " tag="260">
            <subfield code="a">Oslo</subfield>
            <subfield code="b">Norwegian University Press</subfield>
            <subfield code="c">c1987</subfield>
          </datafield>
          <datafield ind1=" " ind2=" " tag="300">
            <subfield code="a">460 s.</subfield>
            <subfield code="b">ill.</subfield>
          </datafield>
          <datafield ind1=" " ind2=" " tag="500">
            <subfield code="a">Originalutg. 1982</subfield>
          </datafield>
          <datafield ind1=" " ind2="7" tag="650">
            <subfield code="a">Arketyper</subfield>
            <subfield code="2">humord</subfield>
          </datafield>
          <datafield ind1=" " ind2="7" tag="650">
            <subfield code="a">Arkitektur</subfield>
            <subfield code="2">humord</subfield>
          </datafield>
          <datafield ind1=" " ind2="7" tag="650">
            <subfield code="a">Arkitekturteori</subfield>
            <subfield code="2">tekord</subfield>
          </datafield>
          <datafield ind1=" " ind2="7" tag="650">
            <subfield code="a">Arkitekturfilosofi</subfield>
            <subfield code="2">tekord</subfield>
          </datafield>
          <datafield ind1=" " ind2=" " tag="653">
            <subfield code="a">arkitektur</subfield>
            <subfield code="a">arkitekturteori</subfield>
            <subfield code="a">arketyper</subfield>
            <subfield code="a">mønstre</subfield>
            <subfield code="a">buekonstruksjoner</subfield>
            <subfield code="a">byggekonstruksjoner</subfield>
            <subfield code="a">bygninger</subfield>
            <subfield code="a">kjernelitteratur</subfield>
          </datafield>
          <datafield ind1="0" ind2="1" tag="852">
            <subfield code="a">47BIBSYS_UBA</subfield>
            <subfield code="6">998840188064702209</subfield>
            <subfield code="9">P</subfield>
          </datafield>
          <datafield ind1="0" ind2="1" tag="852">
            <subfield code="a">47BIBSYS_UBB</subfield>
            <subfield code="6">998840188064702207</subfield>
            <subfield code="9">P</subfield>
          </datafield>
          <datafield ind1="0" ind2="1" tag="852">
            <subfield code="a">47BIBSYS_HIOA</subfield>
            <subfield code="6">998840188064702212</subfield>
            <subfield code="9">P</subfield>
          </datafield>
          <datafield ind1="0" ind2="1" tag="852">
            <subfield code="a">47BIBSYS_AHO</subfield>
            <subfield code="6">998840188064702237</subfield>
            <subfield code="9">P</subfield>
          </datafield>
          <datafield ind1="0" ind2="1" tag="852">
            <subfield code="a">47BIBSYS_UBIS</subfield>
            <subfield code="6">998840188064702208</subfield>
            <subfield code="9">P</subfield>
          </datafield>
          <datafield ind1="0" ind2="1" tag="852">
            <subfield code="a">47BIBSYS_NB</subfield>
            <subfield code="6">998840188064702202</subfield>
            <subfield code="9">P</subfield>
          </datafield>
          <datafield ind1="0" ind2="1" tag="852">
            <subfield code="a">47BIBSYS_HIO</subfield>
            <subfield code="6">998840188064702218</subfield>
            <subfield code="9">P</subfield>
          </datafield>
          <datafield ind1="0" ind2="1" tag="852">
            <subfield code="a">47BIBSYS_NTNU_UB</subfield>
            <subfield code="6">998840188064702203</subfield>
            <subfield code="9">P</subfield>
          </datafield>
          <datafield ind1=" " ind2=" " tag="901">
            <subfield code="a">80</subfield>
          </datafield>
        </record>
      </recordData>
      <recordPosition>29</recordPosition>
    </record>