
    <record>
      <recordSchema>marcxml</recordSchema>
      <recordPacking>xml</recordPacking>
      <recordData>
        <record xmlns="">
          <leader>00879cam a2200265 c 4500</leader>
          <controlfield tag="001">990928834864702201</controlfield>
          <controlfield tag="005">20160114214512.0</controlfield>
          <controlfield tag="007">ta</controlfield>
          <controlfield tag="008">090901s1995    xx#|||||||||||000|u|eng|d</controlfield>
          <datafield ind1=" " ind2=" " tag="020">
            <subfield code="a">9090085785</subfield>
            <subfield code="q">h.</subfield>
          </datafield>
          <datafield ind1=" " ind2=" " tag="035">
            <subfield code="a">092883486-47bibsys_network</subfield>
          </datafield>
          <datafield ind1=" " ind2=" " tag="035">
            <subfield code="a">(NO-TrBIB)092883486</subfield>
          </datafield>
          <datafield ind1=" " ind2=" " tag="040">
            <subfield code="a">NO-TrBIB</subfield>
            <subfield code="b">nob</subfield>
            <subfield code="e">katreg</subfield>
          </datafield>
          <datafield ind1=" " ind2=" " tag="080">
            <subfield code="a">159.937</subfield>
          </datafield>
          <datafield ind1="1" ind2=" " tag="100">
            <subfield code="a">Hekkert, Paul</subfield>
            <subfield code="0">(NO-TrBIB)8044482</subfield>
          </datafield>
          <datafield ind1="1" ind2="0" tag="245">
            <subfield code="a">Artful judgements :</subfield>
            <subfield code="b">a psychological inquiry into aesthetic preference for visual patterns</subfield>
            <subfield code="c">door Paulus Petrus Maria Hekkert</subfield>
          </datafield>
          <datafield ind1=" " ind2=" " tag="260">
            <subfield code="a">Delft</subfield>
            <subfield code="b">Technische Universiteit Delft</subfield>
            <subfield code="c">c1995</subfield>
          </datafield>
          <datafield ind1=" " ind2=" " tag="300">
            <subfield code="a">168 s.</subfield>
            <subfield code="b">ill.</subfield>
          </datafield>
          <datafield ind1=" " ind2=" " tag="502">
            <subfield code="a">Avhandling (doktorgrad) - Technische Universiteit Delft, 1995</subfield>
          </datafield>
          <datafield ind1=" " ind2="7" tag="650">
            <subfield code="a">Estetikk</subfield>
            <subfield code="2">tekord</subfield>
          </datafield>
          <datafield ind1=" " ind2="7" tag="650">
            <subfield code="a">Persepsjonspsykologi</subfield>
            <subfield code="2">tekord</subfield>
          </datafield>
          <datafield ind1=" " ind2="7" tag="650">
            <subfield code="a">Visuell kommunikasjon</subfield>
            <subfield code="2">tekord</subfield>
          </datafield>
          <datafield ind1=" " ind2=" " tag="653">
            <subfield code="a">visuelle</subfield>
            <subfield code="a">mønstre</subfield>
          </datafield>
          <datafield ind1="0" ind2="1" tag="852">
            <subfield code="a">47BIBSYS_NTNU_UB</subfield>
            <subfield code="6">990928834864702203</subfield>
            <subfield code="9">P</subfield>
          </datafield>
          <datafield ind1=" " ind2=" " tag="901">
            <subfield code="a">80</subfield>
          </datafield>
          <datafield ind1=" " ind2=" " tag="917">
            <subfield code="a">d</subfield>
          </datafield>
        </record>
      </recordData>
      <recordPosition>30</recordPosition>
    </record>