
    <record>
      <recordSchema>marcxml</recordSchema>
      <recordPacking>xml</recordPacking>
      <recordData>
        <record xmlns="">
          <leader>01050cam a2200277 c 4500</leader>
          <controlfield tag="001">990120155984702201</controlfield>
          <controlfield tag="005">20080306101636.0</controlfield>
          <controlfield tag="007">ta</controlfield>
          <controlfield tag="008">080306s2001    xx#|||||||||||000|u|eng|d</controlfield>
          <datafield ind1=" " ind2=" " tag="020">
            <subfield code="a">0226380068</subfield>
            <subfield code="q">ib.</subfield>
          </datafield>
          <datafield ind1=" " ind2=" " tag="020">
            <subfield code="a">0226380076</subfield>
            <subfield code="q">h.</subfield>
          </datafield>
          <datafield ind1=" " ind2=" " tag="035">
            <subfield code="a">012015598-47bibsys_network</subfield>
          </datafield>
          <datafield ind1=" " ind2=" " tag="035">
            <subfield code="a">(NO-TrBIB)012015598</subfield>
          </datafield>
          <datafield ind1=" " ind2=" " tag="040">
            <subfield code="a">NO-TrBIB</subfield>
            <subfield code="b">nob</subfield>
            <subfield code="e">katreg</subfield>
          </datafield>
          <datafield ind1="1" ind2=" " tag="100">
            <subfield code="a">Ingebretsen, Ed</subfield>
            <subfield code="0">(NO-TrBIB)99037233</subfield>
          </datafield>
          <datafield ind1="1" ind2="0" tag="245">
            <subfield code="a">At stake :</subfield>
            <subfield code="b">monsters and the rhetoric of fear in public culture</subfield>
            <subfield code="c">Edward J. Ingebretsen</subfield>
          </datafield>
          <datafield ind1=" " ind2=" " tag="260">
            <subfield code="a">Chicago</subfield>
            <subfield code="b">The University of Chicago Press</subfield>
            <subfield code="c">2001</subfield>
          </datafield>
          <datafield ind1=" " ind2=" " tag="300">
            <subfield code="a">XVI, 341 s.</subfield>
          </datafield>
          <datafield ind1=" " ind2=" " tag="504">
            <subfield code="a">Bibliografi: s. 295-327</subfield>
          </datafield>
          <datafield ind1=" " ind2="7" tag="650">
            <subfield code="a">USA</subfield>
            <subfield code="2">humord</subfield>
          </datafield>
          <datafield ind1=" " ind2="7" tag="650">
            <subfield code="a">monstre</subfield>
            <subfield code="2">humord</subfield>
          </datafield>
          <datafield ind1=" " ind2="7" tag="650">
            <subfield code="a">Medier</subfield>
            <subfield code="2">humord</subfield>
          </datafield>
          <datafield ind1="4" ind2="2" tag="856">
            <subfield code="3">Beskrivelse fra forlaget (kort)</subfield>
            <subfield code="u">http://content.bibsys.no/content/?type=descr_publ_brief&amp;isbn=0226380068</subfield>
          </datafield>
          <datafield ind1="4" ind2="2" tag="856">
            <subfield code="3">Beskrivelse fra forlaget (lang)</subfield>
            <subfield code="u">http://content.bibsys.no/content/?type=descr_publ_full&amp;isbn=0226380068</subfield>
          </datafield>
          <datafield ind1="4" ind2="2" tag="856">
            <subfield code="3">Omslagsbilde</subfield>
            <subfield code="u">http://innhold.bibsys.no/bilde/forside/?size=mini&amp;id=0226380068.JPG</subfield>
            <subfield code="q">image/jpeg</subfield>
          </datafield>
          <datafield ind1="0" ind2="1" tag="852">
            <subfield code="a">47BIBSYS_UBB</subfield>
            <subfield code="6">990120155984702207</subfield>
            <subfield code="9">P</subfield>
          </datafield>
          <datafield ind1="0" ind2="1" tag="852">
            <subfield code="a">47BIBSYS_UBO</subfield>
            <subfield code="6">990120155984702204</subfield>
            <subfield code="9">P</subfield>
          </datafield>
          <datafield ind1=" " ind2=" " tag="901">
            <subfield code="a">80</subfield>
          </datafield>
        </record>
      </recordData>
      <recordPosition>33</recordPosition>
    </record>