
    <record>
      <recordSchema>marcxml</recordSchema>
      <recordPacking>xml</recordPacking>
      <recordData>
        <record xmlns="">
          <leader>99999cam a22999997c 4500</leader>
          <controlfield tag="001">991341086474702201</controlfield>
          <controlfield tag="005">20141217155841.0</controlfield>
          <controlfield tag="007">ta</controlfield>
          <controlfield tag="008">141217s1989    xx#|||||||||||000|u|eng|d</controlfield>
          <datafield ind1=" " ind2=" " tag="020">
            <subfield code="a">4872100263</subfield>
          </datafield>
          <datafield ind1=" " ind2=" " tag="035">
            <subfield code="a">(NO-TrBIB)134108647</subfield>
          </datafield>
          <datafield ind1=" " ind2=" " tag="035">
            <subfield code="a">(NO-TrBIB)134108647</subfield>
          </datafield>
          <datafield ind1=" " ind2=" " tag="040">
            <subfield code="a">NO-TrBIB</subfield>
            <subfield code="b">nob</subfield>
            <subfield code="e">katreg</subfield>
          </datafield>
          <datafield ind1=" " ind2=" " tag="080">
            <subfield code="a">7.048</subfield>
          </datafield>
          <datafield ind1="0" ind2="0" tag="245">
            <subfield code="a">Basic 3dimensions</subfield>
          </datafield>
          <datafield ind1=" " ind2=" " tag="260">
            <subfield code="a">[S. l.]</subfield>
            <subfield code="b">AIM Creative Products</subfield>
            <subfield code="c">1989</subfield>
          </datafield>
          <datafield ind1=" " ind2=" " tag="300">
            <subfield code="a">203 s.</subfield>
            <subfield code="b">alle. ill.</subfield>
            <subfield code="c">28 cm</subfield>
          </datafield>
          <datafield ind1="1" ind2=" " tag="490">
            <subfield code="a">Elements</subfield>
            <subfield code="v">9</subfield>
          </datafield>
          <datafield ind1=" " ind2="7" tag="650">
            <subfield code="a">Grafiske elementer</subfield>
            <subfield code="2">khib</subfield>
          </datafield>
          <datafield ind1=" " ind2="7" tag="650">
            <subfield code="a">Grafisk design</subfield>
            <subfield code="x">Mønstre</subfield>
            <subfield code="2">khib</subfield>
          </datafield>
          <datafield ind1=" " ind2="7" tag="650">
            <subfield code="a">3-dimensjonale illustrasjoner</subfield>
            <subfield code="2">khib</subfield>
          </datafield>
          <datafield ind1=" " ind2="7" tag="650">
            <subfield code="a">Grafisk design</subfield>
            <subfield code="x">Metoder og teknikk</subfield>
            <subfield code="2">khib</subfield>
          </datafield>
          <datafield ind1=" " ind2="0" tag="830">
            <subfield code="a">Elements</subfield>
            <subfield code="v">9</subfield>
          </datafield>
          <datafield ind1="0" ind2="1" tag="852">
            <subfield code="a">47BIBSYS_KHIB</subfield>
            <subfield code="6">991341086474702310</subfield>
            <subfield code="9">P</subfield>
          </datafield>
          <datafield ind1="0" ind2="1" tag="852">
            <subfield code="a">47BIBSYS_KHIO</subfield>
            <subfield code="6">991341086474702243</subfield>
            <subfield code="9">P</subfield>
          </datafield>
          <datafield ind1=" " ind2=" " tag="901">
            <subfield code="a">60</subfield>
          </datafield>
        </record>
      </recordData>
      <recordPosition>35</recordPosition>
    </record>