
    <record>
      <recordSchema>marcxml</recordSchema>
      <recordPacking>xml</recordPacking>
      <recordData>
        <record xmlns="">
          <leader>01007cam a2200277 c 4500</leader>
          <controlfield tag="001">991338997484702201</controlfield>
          <controlfield tag="005">20131205132104.0</controlfield>
          <controlfield tag="007">ta</controlfield>
          <controlfield tag="008">131205s2001    xx#|||||||||||000|u|eng|d</controlfield>
          <datafield ind1=" " ind2=" " tag="020">
            <subfield code="a">9836202722</subfield>
            <subfield code="q">h.</subfield>
          </datafield>
          <datafield ind1=" " ind2=" " tag="035">
            <subfield code="a">133899748-47bibsys_network</subfield>
          </datafield>
          <datafield ind1=" " ind2=" " tag="035">
            <subfield code="a">(NO-TrBIB)133899748</subfield>
          </datafield>
          <datafield ind1=" " ind2=" " tag="040">
            <subfield code="a">NO-TrBIB</subfield>
            <subfield code="b">nob</subfield>
            <subfield code="e">katreg</subfield>
          </datafield>
          <datafield ind1="0" ind2=" " tag="100">
            <subfield code="a">Augustine Anggat Ganjing</subfield>
            <subfield code="d">1947-,</subfield>
            <subfield code="4">aut</subfield>
            <subfield code="0">(NO-TrBIB)13068930</subfield>
          </datafield>
          <datafield ind1="1" ind2="0" tag="245">
            <subfield code="a">Basic Iban design :</subfield>
            <subfield code="b">an introduction</subfield>
            <subfield code="c">by Augustine Anggat Ganjing ; translation by Gana Ngadi</subfield>
          </datafield>
          <datafield ind1="1" ind2=" " tag="246">
            <subfield code="a">Batang jalai ngukir</subfield>
            <subfield code="i">Originaltittel</subfield>
          </datafield>
          <datafield ind1=" " ind2=" " tag="260">
            <subfield code="a">Kuala Lumpur</subfield>
            <subfield code="b">Dewan Bahasa dan Pustaka, Ministry of Education</subfield>
            <subfield code="c">2001</subfield>
          </datafield>
          <datafield ind1=" " ind2=" " tag="300">
            <subfield code="a">XIX, 347 s.</subfield>
            <subfield code="b">ill.</subfield>
          </datafield>
          <datafield ind1=" " ind2="0" tag="650">
            <subfield code="a">Decoration and ornament, Iban (Bornean people)</subfield>
            <subfield code="x">Themes, motives</subfield>
            <subfield code="z">Malaysia Sarawak</subfield>
          </datafield>
          <datafield ind1=" " ind2="0" tag="650">
            <subfield code="a">Decoration and ornament</subfield>
            <subfield code="x">Themes, motives</subfield>
            <subfield code="z">Malaysia Sarawak</subfield>
          </datafield>
          <datafield ind1=" " ind2="7" tag="650">
            <subfield code="a">Iban (Folk)</subfield>
            <subfield code="2">humord</subfield>
          </datafield>
          <datafield ind1=" " ind2="7" tag="650">
            <subfield code="a">Sarawak</subfield>
            <subfield code="2">humord</subfield>
          </datafield>
          <datafield ind1=" " ind2="7" tag="650">
            <subfield code="a">Mønstre</subfield>
            <subfield code="2">humord</subfield>
          </datafield>
          <datafield ind1=" " ind2="7" tag="650">
            <subfield code="a">Design</subfield>
            <subfield code="2">humord</subfield>
          </datafield>
          <datafield ind1="1" ind2=" " tag="700">
            <subfield code="a">Gana Ngadi, Henry.</subfield>
            <subfield code="4">trl</subfield>
            <subfield code="0">(NO-TrBIB)13068928</subfield>
          </datafield>
          <datafield ind1="0" ind2="1" tag="852">
            <subfield code="a">47BIBSYS_UBO</subfield>
            <subfield code="6">991338997484702204</subfield>
            <subfield code="9">P</subfield>
          </datafield>
          <datafield ind1=" " ind2=" " tag="901">
            <subfield code="a">80</subfield>
          </datafield>
        </record>
      </recordData>
      <recordPosition>36</recordPosition>
    </record>