
    <record>
      <recordSchema>marcxml</recordSchema>
      <recordPacking>xml</recordPacking>
      <recordData>
        <record xmlns="">
          <leader>00895cam a2200325 c 4500</leader>
          <controlfield tag="001">999717539384702201</controlfield>
          <controlfield tag="005">20140515133400.0</controlfield>
          <controlfield tag="007">ta</controlfield>
          <controlfield tag="008">140515s1994    xx#|||||||||||000|u|eng|d</controlfield>
          <datafield ind1=" " ind2=" " tag="020">
            <subfield code="a">9054960051</subfield>
            <subfield code="q">h.</subfield>
          </datafield>
          <datafield ind1=" " ind2=" " tag="020">
            <subfield code="a">9054960035</subfield>
            <subfield code="q">ib.</subfield>
          </datafield>
          <datafield ind1=" " ind2=" " tag="035">
            <subfield code="a">971753938-47bibsys_network</subfield>
          </datafield>
          <datafield ind1=" " ind2=" " tag="035">
            <subfield code="a">(NO-TrBIB)971753938</subfield>
          </datafield>
          <datafield ind1=" " ind2=" " tag="040">
            <subfield code="a">NO-TrBIB</subfield>
            <subfield code="b">nob</subfield>
            <subfield code="e">katreg</subfield>
          </datafield>
          <datafield ind1="0" ind2="4" tag="082">
            <subfield code="a">746.6</subfield>
            <subfield code="q">NoOU</subfield>
            <subfield code="2">23</subfield>
          </datafield>
          <datafield ind1="0" ind2=" " tag="083">
            <subfield code="a">746.095982</subfield>
            <subfield code="q">NoOU</subfield>
            <subfield code="2">23</subfield>
          </datafield>
          <datafield ind1="1" ind2=" " tag="100">
            <subfield code="a">Roojen, Pepin van</subfield>
            <subfield code="0">(NO-TrBIB)97019627</subfield>
          </datafield>
          <datafield ind1="1" ind2="0" tag="245">
            <subfield code="a">Batik design</subfield>
            <subfield code="c">Pepin van Roojen</subfield>
          </datafield>
          <datafield ind1=" " ind2=" " tag="250">
            <subfield code="a">2nd rev. ed.</subfield>
          </datafield>
          <datafield ind1=" " ind2=" " tag="260">
            <subfield code="a">Amsterdam</subfield>
            <subfield code="b">Pepin Press</subfield>
            <subfield code="c">1994</subfield>
          </datafield>
          <datafield ind1=" " ind2=" " tag="300">
            <subfield code="a">192 s.</subfield>
            <subfield code="b">ill.</subfield>
          </datafield>
          <datafield ind1=" " ind2="0" tag="650">
            <subfield code="a">Batik</subfield>
            <subfield code="x">Themes, motives</subfield>
            <subfield code="z">Indonesia</subfield>
          </datafield>
          <datafield ind1=" " ind2="0" tag="650">
            <subfield code="a">Batik</subfield>
          </datafield>
          <datafield ind1=" " ind2="7" tag="650">
            <subfield code="a">Batikk</subfield>
            <subfield code="2">humord</subfield>
          </datafield>
          <datafield ind1=" " ind2="7" tag="650">
            <subfield code="a">Tekstilkunst</subfield>
            <subfield code="2">humord</subfield>
          </datafield>
          <datafield ind1=" " ind2="7" tag="650">
            <subfield code="a">Mønstre</subfield>
            <subfield code="2">humord</subfield>
          </datafield>
          <datafield ind1=" " ind2="7" tag="650">
            <subfield code="a">Java (Øy)</subfield>
            <subfield code="2">humord</subfield>
          </datafield>
          <datafield ind1=" " ind2="7" tag="650">
            <subfield code="a">Indonesia</subfield>
            <subfield code="2">humord</subfield>
          </datafield>
          <datafield ind1=" " ind2=" " tag="653">
            <subfield code="a">batikk</subfield>
            <subfield code="a">mønster</subfield>
            <subfield code="a">indonesia</subfield>
            <subfield code="a">tekstilkunst</subfield>
          </datafield>
          <datafield ind1="0" ind2="1" tag="852">
            <subfield code="a">47BIBSYS_UBO</subfield>
            <subfield code="6">999717539384702204</subfield>
            <subfield code="9">P</subfield>
          </datafield>
          <datafield ind1="0" ind2="1" tag="852">
            <subfield code="a">47BIBSYS_HIOA</subfield>
            <subfield code="6">999717539384702212</subfield>
            <subfield code="9">P</subfield>
          </datafield>
          <datafield ind1="0" ind2="1" tag="852">
            <subfield code="a">47BIBSYS_HVO</subfield>
            <subfield code="6">999717539384702220</subfield>
            <subfield code="9">P</subfield>
          </datafield>
          <datafield ind1=" " ind2=" " tag="901">
            <subfield code="a">80</subfield>
          </datafield>
        </record>
      </recordData>
      <recordPosition>37</recordPosition>
    </record>