
    <record>
      <recordSchema>marcxml</recordSchema>
      <recordPacking>xml</recordPacking>
      <recordData>
        <record xmlns="">
          <leader>01318cam a2200313 c 4500</leader>
          <controlfield tag="001">990900173584702201</controlfield>
          <controlfield tag="005">20110208152753.0</controlfield>
          <controlfield tag="007">ta</controlfield>
          <controlfield tag="008">110208s2009    xx#|||||||||||000|u|eng|d</controlfield>
          <datafield ind1=" " ind2=" " tag="020">
            <subfield code="a">9781861894373</subfield>
            <subfield code="q">ib.</subfield>
          </datafield>
          <datafield ind1=" " ind2=" " tag="035">
            <subfield code="a">090017358-47bibsys_network</subfield>
          </datafield>
          <datafield ind1=" " ind2=" " tag="035">
            <subfield code="a">(NO-TrBIB)090017358</subfield>
          </datafield>
          <datafield ind1=" " ind2=" " tag="040">
            <subfield code="a">NO-TrBIB</subfield>
            <subfield code="b">nob</subfield>
            <subfield code="e">katreg</subfield>
          </datafield>
          <datafield ind1="7" ind2="4" tag="082">
            <subfield code="a">508.0903</subfield>
            <subfield code="q">NO-OsNB</subfield>
            <subfield code="2">5/nor</subfield>
          </datafield>
          <datafield ind1="1" ind2=" " tag="100">
            <subfield code="a">Mason, Peter</subfield>
            <subfield code="0">(NO-TrBIB)57230</subfield>
          </datafield>
          <datafield ind1="1" ind2="0" tag="245">
            <subfield code="a">Before disenchantment :</subfield>
            <subfield code="b">images of exotic animals and plants in the early modern world</subfield>
            <subfield code="c">Peter Mason</subfield>
          </datafield>
          <datafield ind1=" " ind2=" " tag="260">
            <subfield code="a">London</subfield>
            <subfield code="b">Reaktion Books</subfield>
            <subfield code="c">2009</subfield>
          </datafield>
          <datafield ind1=" " ind2=" " tag="300">
            <subfield code="a">272 s.</subfield>
            <subfield code="b">ill.</subfield>
          </datafield>
          <datafield ind1=" " ind2="7" tag="650">
            <subfield code="a">Planter</subfield>
            <subfield code="2">humord</subfield>
          </datafield>
          <datafield ind1=" " ind2="7" tag="650">
            <subfield code="a">Dyr</subfield>
            <subfield code="2">humord</subfield>
          </datafield>
          <datafield ind1=" " ind2="7" tag="650">
            <subfield code="a">Natur</subfield>
            <subfield code="2">humord</subfield>
          </datafield>
          <datafield ind1=" " ind2="7" tag="650">
            <subfield code="a">Motiver (Bildekunst)</subfield>
            <subfield code="2">humord</subfield>
          </datafield>
          <datafield ind1=" " ind2="7" tag="650">
            <subfield code="a">Kunst</subfield>
            <subfield code="2">humord</subfield>
          </datafield>
          <datafield ind1=" " ind2=" " tag="653">
            <subfield code="a">hybrider</subfield>
            <subfield code="a">monstre</subfield>
            <subfield code="a">eksotiske</subfield>
            <subfield code="a">planter</subfield>
            <subfield code="a">dyr</subfield>
            <subfield code="a">naturfortellinger</subfield>
            <subfield code="a">tidlig</subfield>
            <subfield code="a">modernitet</subfield>
            <subfield code="a">nytid</subfield>
          </datafield>
          <datafield ind1="0" ind2=" " tag="776">
            <subfield code="t">Before disenchantment : images of exotic animals and plants in the early modern world</subfield>
            <subfield code="w">991140996004702201</subfield>
          </datafield>
          <datafield ind1="4" ind2="2" tag="856">
            <subfield code="3">Beskrivelse fra forlaget (kort)</subfield>
            <subfield code="u">http://content.bibsys.no/content/?type=descr_publ_brief&amp;isbn=1861894376</subfield>
          </datafield>
          <datafield ind1="4" ind2="2" tag="856">
            <subfield code="3">Beskrivelse fra forlaget (lang)</subfield>
            <subfield code="u">http://content.bibsys.no/content/?type=descr_publ_full&amp;isbn=1861894376</subfield>
          </datafield>
          <datafield ind1="4" ind2="2" tag="856">
            <subfield code="3">Omslagsbilde</subfield>
            <subfield code="u">http://innhold.bibsys.no/bilde/forside/?size=mini&amp;id=9781861894373.jpg</subfield>
            <subfield code="q">image/jpeg</subfield>
          </datafield>
          <datafield ind1="0" ind2="1" tag="852">
            <subfield code="a">47BIBSYS_UBO</subfield>
            <subfield code="6">990900173584702204</subfield>
            <subfield code="9">P</subfield>
          </datafield>
          <datafield ind1="0" ind2="1" tag="852">
            <subfield code="a">47BIBSYS_NB</subfield>
            <subfield code="6">990900173584702202</subfield>
            <subfield code="9">P</subfield>
          </datafield>
          <datafield ind1=" " ind2=" " tag="901">
            <subfield code="a">80</subfield>
          </datafield>
        </record>
      </recordData>
      <recordPosition>38</recordPosition>
    </record>