
    <record>
      <recordSchema>marcxml</recordSchema>
      <recordPacking>xml</recordPacking>
      <recordData>
        <record xmlns="">
          <leader>01326cam a2200373 c 4500</leader>
          <controlfield tag="001">990408389944702201</controlfield>
          <controlfield tag="005">20150422152449.0</controlfield>
          <controlfield tag="007">ta</controlfield>
          <controlfield tag="007">cr||||||||||||</controlfield>
          <controlfield tag="008">150422s2004    xx#||||j |||||000|u|nob|</controlfield>
          <datafield ind1=" " ind2=" " tag="015">
            <subfield code="a">0408407</subfield>
            <subfield code="2">nbf</subfield>
          </datafield>
          <datafield ind1=" " ind2=" " tag="020">
            <subfield code="a">8205325871</subfield>
            <subfield code="q">ib.</subfield>
            <subfield code="c">Nkr 129.00</subfield>
          </datafield>
          <datafield ind1=" " ind2=" " tag="035">
            <subfield code="a">040838994-47bibsys_network</subfield>
          </datafield>
          <datafield ind1=" " ind2=" " tag="035">
            <subfield code="a">(NO-TrBIB)040838994</subfield>
          </datafield>
          <datafield ind1=" " ind2=" " tag="035">
            <subfield code="a">(NO-TrBIB)112313256</subfield>
          </datafield>
          <datafield ind1=" " ind2=" " tag="040">
            <subfield code="a">NO-OsNB</subfield>
            <subfield code="b">nob</subfield>
            <subfield code="e">katreg</subfield>
          </datafield>
          <datafield ind1="1" ind2=" " tag="041">
            <subfield code="h">nob</subfield>
          </datafield>
          <datafield ind1=" " ind2=" " tag="042">
            <subfield code="a">norbibl</subfield>
          </datafield>
          <datafield ind1=" " ind2=" " tag="044">
            <subfield code="c">no</subfield>
          </datafield>
          <datafield ind1="7" ind2="4" tag="082">
            <subfield code="a">839.823[SU]</subfield>
            <subfield code="q">NO-OsNB</subfield>
            <subfield code="2">5/nor</subfield>
          </datafield>
          <datafield ind1="1" ind2=" " tag="100">
            <subfield code="a">Svingen, Arne</subfield>
            <subfield code="d">1967-</subfield>
            <subfield code="0">(NO-TrBIB)90566115</subfield>
          </datafield>
          <datafield ind1="1" ind2="0" tag="245">
            <subfield code="a">Bendik og monsteret tar igjen</subfield>
            <subfield code="c">Arne Svingen ; illustrert av Jens Kristensen</subfield>
          </datafield>
          <datafield ind1=" " ind2=" " tag="260">
            <subfield code="a">[Oslo]</subfield>
            <subfield code="b">Gyldendal</subfield>
            <subfield code="c">2004</subfield>
          </datafield>
          <datafield ind1=" " ind2=" " tag="300">
            <subfield code="a">39 s.</subfield>
            <subfield code="b">ill.</subfield>
          </datafield>
          <datafield ind1="1" ind2=" " tag="490">
            <subfield code="a">Bokormen lesestart</subfield>
          </datafield>
          <datafield ind1=" " ind2=" " tag="500">
            <subfield code="a">Forts. av: Bendik og monsteret under sengen</subfield>
          </datafield>
          <datafield ind1=" " ind2=" " tag="500">
            <subfield code="a">Forts. i: Bendik og monsteret går under jorden</subfield>
          </datafield>
          <datafield ind1=" " ind2=" " tag="653">
            <subfield code="a">barnebøker</subfield>
            <subfield code="a">monstre</subfield>
            <subfield code="a">lettlesingsbøker</subfield>
            <subfield code="a">store</subfield>
            <subfield code="a">bokstaver</subfield>
          </datafield>
          <datafield ind1="1" ind2=" " tag="700">
            <subfield code="a">Kristensen, Jens,</subfield>
            <subfield code="e">illustr.</subfield>
            <subfield code="4">ill</subfield>
            <subfield code="0">(NO-TrBIB)10055408</subfield>
          </datafield>
          <datafield ind1=" " ind2="0" tag="830">
            <subfield code="a">Bokormen lesestart</subfield>
          </datafield>
          <datafield ind1="4" ind2="2" tag="856">
            <subfield code="3">Beskrivelse fra forlaget (kort)</subfield>
            <subfield code="u">http://content.bibsys.no/content/?type=descr_publ_brief&amp;isbn=8205325871</subfield>
          </datafield>
          <datafield ind1="4" ind2="2" tag="856">
            <subfield code="3">Beskrivelse fra Forlagssentralen</subfield>
            <subfield code="u">http://content.bibsys.no/content/?type=descr_forlagssentr&amp;isbn=8205325871</subfield>
          </datafield>
          <datafield ind1="0" ind2="1" tag="852">
            <subfield code="a">47BIBSYS_UBO</subfield>
            <subfield code="6">990408389944702204</subfield>
            <subfield code="9">P</subfield>
          </datafield>
          <datafield ind1="0" ind2="1" tag="852">
            <subfield code="a">47BIBSYS_UBIS</subfield>
            <subfield code="6">990408389944702208</subfield>
            <subfield code="9">P</subfield>
          </datafield>
          <datafield ind1="0" ind2="1" tag="852">
            <subfield code="a">47BIBSYS_UBIN</subfield>
            <subfield code="6">990408389944702211</subfield>
            <subfield code="9">P</subfield>
          </datafield>
          <datafield ind1="0" ind2="1" tag="852">
            <subfield code="a">47BIBSYS_HBV</subfield>
            <subfield code="6">990408389944702217</subfield>
            <subfield code="9">P</subfield>
          </datafield>
          <datafield ind1="0" ind2="1" tag="852">
            <subfield code="a">47BIBSYS_NB</subfield>
            <subfield code="6">990408389944702202</subfield>
            <subfield code="9">D</subfield>
            <subfield code="9">P</subfield>
          </datafield>
          <datafield ind1="0" ind2="1" tag="852">
            <subfield code="a">47BIBSYS_HIO</subfield>
            <subfield code="6">990408389944702218</subfield>
            <subfield code="9">P</subfield>
          </datafield>
          <datafield ind1="0" ind2="1" tag="852">
            <subfield code="a">47BIBSYS_NTNU_UB</subfield>
            <subfield code="6">990408389944702203</subfield>
            <subfield code="9">P</subfield>
          </datafield>
          <datafield ind1=" " ind2=" " tag="901">
            <subfield code="a">90</subfield>
          </datafield>
          <datafield ind1=" " ind2=" " tag="913">
            <subfield code="a">Norbok</subfield>
            <subfield code="b">NB</subfield>
          </datafield>
        </record>
      </recordData>
      <recordPosition>40</recordPosition>
    </record>
  </records>
  <diagnostics/>
  <extraResponseData xmlns:xb="http://www.exlibris.com/repository/search/xmlbeans/">
    <xb:exact>true</xb:exact>
    <xb:responseDate>2016-05-03T19:57:53+0200</xb:responseDate>
  </extraResponseData>
</searchRetrieveResponse>